4688 6038
978 1897 1406 2035 Alidensia,

258 2157 427 2260 quibus
470 2178 536 2253 ea,
582 2175 693 2253 quae
736 2160 815 2233 aut
857 2175 904 2231 re
935 2151 1035 2255 ipsa
1068 2167 1146 2231 aut
1178 2166 1427 2257 temporum
1452 2154 1859 2245 vicissitudinibus
1883 2162 1925 2241 in
1951 2187 2090 2267 opere

685 2344 788 2443 ipso
815 2342 986 2442 exponi
1013 2344 1335 2445 nequiverant,
1362 2344 1679 2425 illustrantur.

1092 2615 1121 2710 i·
1148 2613 1234 2693 113.

1051 2798 1117 2875 no
1161 2802 1189 2897 s.
1232 2800 1293 2880 oo.

487 2985 716 3063 ilistorici
743 2997 1037 3087 conspectus,
1066 2985 1174 3090 Cap.
1198 2990 1235 3066 2.
1261 2987 1470 3090 exhibiti,
1497 2991 1862 3093 supplementum.

409 3154 517 3258 Opus
543 3154 643 3255 illud,
671 3180 692 3232 a
719 3154 814 3232 dello
839 3154 966 3255 Chiaje
992 3155 1205 3235 confectum:
1229 3157 1406 3234 Memorio
1432 3160 1662 3259 perservire
1688 3158 1758 3236 alla
1787 3159 1898 3238 storia
1923 3163 2091 3239 naturale

255 3296 354 3398 degli
381 3295 523 3371 animali
550 3318 661 3369 senna
686 3293 854 3368 vertebre
881 3291 939 3368 del
966 3317 1079 3393 regno
1106 3293 1142 3369 di
1168 3294 1314 3396 Napoli.
1366 3293 2091 3398 v01.1-111.Nap.1823-1825.4,

255 3458 366 3535 eruum
393 3433 590 3531 comparari
617 3455 637 3504 a
664 3427 767 3504 nobis
794 3431 884 3529 ipsis
911 3454 980 3506 non
1008 3433 1205 3529 potuisset,
1240 3431 1409 3531 precibus
1445 3454 1526 3506 eum
1552 3430 1746 3531 adivimus,
1778 3433 1838 3534 qui
1863 3431 2016 3532 plurima
2041 3456 2092 3509 cx

255 3596 301 3647 err
327 3570 362 3645 iu
389 3565 687 3669 ephemeridibus,
716 3564 824 3664 Iside,
853 3567 1136 3665 communicavit,
1163 3566 1395 3668 Rudolpbum
1420 3568 1514 3642 onim
1531 3566 1713 3668 Wagner,
1739 3578 1791 3667 ut,
1818 3569 1947 3668 quein
1963 3567 2026 3645 illo
2043 3567 2092 3647 de

255 3722 355 3783 mono
382 3718 506 3781 nostro
532 3702 727 3779 vibratorio
772 3703 1011 3802 reperiantur,
1056 3703 1196 3780 reserat.
1248 3701 1320 3796 Qui
1356 3704 1458 3780 nobis
1484 3704 1627 3778 unicum
1653 3702 1718 3779 bac
1743 3702 1789 3779 de
1814 3713 2091 3781 retractantem

256 3842 392 3939 bocum,
438 3840 519 3917 libri
563 3840 661 3915 citati
694 3835 782 3913 Vol.
816 3836 868 3915 11.
911 3864 944 3938 p.
970 3836 1046 3912 345
1072 3863 1150 3939 sqq.
1176 3838 1450 3938 reperiundnm,
1484 3837 1580 3914 illico
1606 3837 1759 3940 benigne
1782 3839 1880 3915 misit
1904 3840 2090 3938 scriptum.

257 3974 366 4057 tude
392 3975 516 4075 colligi
544 3998 653 4075 noum
679 3974 783 4050 nobis
808 3973 1016 4072 videbatur,
1045 3974 1217 4050 cultorem
1243 3975 1345 4049 illum
1370 3988 1552 4050 anatomes
1567 3973 1731 4050 ltulicum
1748 3986 1870 4076 partes
1887 3984 1949 4050 aut
1964 3998 1986 4049 a
2003 3996 2090 4050 cor·

254 4136 343 4215 utne
370 4110 497 4187 resin
524 4108 727 4210 desciscas,
755 4121 817 4187 aut
843 4110 936 4186 alius
962 4109 1149 4209 cujusdam
1174 4113 1332 4212 generis,
1360 4135 1426 4212 pro
1451 4109 1609 4211 globulis
1634 4111 1844 4212 sanguineis
1869 4110 1980 4186 libere
2004 4132 2087 4207 mo-

254 4251 303 4327 tis
342 4270 529 4349 torruerunt
556 4246 735 4325 babuisse.
786 4245 922 4321 'l'amen
949 4244 1078 4321 Echini
1106 4270 1175 4322 ova
1211 4257 1307 4323 mota
1338 4245 1521 4346 libereque
1562 4247 1718 4322 natantia
1759 4246 1974 4324 observasse
2005 4266 2091 4320 eum

255 4382 453 4461 verisimile
480 4396 547 4461 erl.
599 4382 763 4460 Motibus
789 4384 882 4458 enim
909 4381 1206 4537 corkousculorum
1236 4382 1379 4459 illorum
1411 4380 1666 4482 perbibitorum
1701 4382 1975 4483 sanguineorum
2019 4404 2090 4456 cx·

253 4521 397 4623 plicatis
423 4515 542 4595 sudio:
571 4518 668 4617 ,Nol
696 4530 914 4596 succennuto
941 4517 1075 4617 liquido
1102 4520 1308 4597 esistevano
1334 4514 1485 4618 egiando
1512 4516 1629 4592 alcuni
1647 4519 1745 4618 corpi
1763 4516 1867 4615 ovali,
1896 4514 1960 4591 obe
1976 4517 2088 4591 merci

257 4670 396 4753 „mere
422 4656 670 4731 ersaervauioui
700 4654 904 4731 riconnobbi
932 4678 1057 4731 essere
1082 4654 1118 4730 le
1144 4679 1240 4731 uova
1265 4654 1301 4728 di
1327 4653 1436 4729 silutti
1462 4651 1734 4751 Echinodermi,
1778 4651 1813 4727 le
1846 4650 1942 4749 quali
1978 4672 2089 4726 erano

258 4794 552 4893 ,tenebrescente
579 4789 755 4889 unulogbo
782 4818 803 4867 a
830 4790 950 4892 quelle
977 4801 1168 4867 contenuto
1194 4789 1290 4865 nelle
1316 4788 1394 4866 loro
1419 4789 1560 4865 uvaie.“

411 4980 451 5055 li.
482 4978 508 5055 l.
537 4976 578 5055 li,
605 4976 740 5081 Meyer
769 4979 883 5073 (lllrer
910 4975 967 5051 die
993 4976 1210 5079 Bevvegung
1235 4976 1300 5051 der
1327 4971 1430 5051 Saloe
1456 4975 1491 5048 in
1519 4973 1588 5047 den
1604 4971 1784 5046 Pllanzen.
1825 4969 1949 5044 Berlin
1975 4968 2088 5048 18³4.

253 5116 332 5207 itt,
363 5130 550 5215 recursuum
579 5130 711 5216 preter
737 5114 938 5215 plurrturum
965 5115 1118 5212 species,
1152 5115 1187 5187 in
1216 5113 1347 5210 quibus
1374 5108 1585 5186 cellularum
1608 5107 1708 5183 succi
1733 5105 1905 5180 circuitus
1931 5105 2086 5202 obvenit,

257 5246 410 5346 ‚sejocis
435 5274 492 5351 su,
518 5275 600 5329 nou
628 5276 672 5327 ac
699 5250 850 5329 l’istiorrr
895 5246 1095 5329 Stratioton
1139 5247 1275 5325 addidit
1302 5247 1349 5348 (l.
1375 5248 1411 5344 οξ
1436 5271 1472 5346 p.
1497 5243 1557 5344 8.]
1601 5254 1638 5320 et
1678 5239 1817 5317 delecta
1857 5237 2008 5315 aNees
2043 5242 2086 5315 ab
