4688 6038
1074 520 1276 599 -69-

255 731 364 811 quum
390 717 513 809 partes
538 709 688 785 minimae
714 720 796 784 ante
822 706 1026 784 duodecim
1036 656 1113 784 dies
1140 709 1313 784 descisse
1338 705 1473 807 eadem,
1502 732 1573 808 qua
1602 718 1698 784 totu
1692 707 1764 785 illa
1789 676 1977 811 b'tchia,
2021 737 2089 787 ve·

255 845 434 921 lementia
447 843 652 932 m'brarent.
702 845 763 921 De
788 844 944 946 singulis
970 819 1183 945 quibusdam
1209 869 1244 920 v.
1270 843 1370 939 ipira.

292 1049 298 1062 ,
408 934 643 1085 wempus,
671 1005 736 1082 por
762 980 856 1078 quod
883 979 1211 1078 amphibiorum
1238 991 1319 1078 post
1345 991 1492 1054 mortem
1528 991 1600 1053 mo
1603 1003 1646 1054 us
1689 979 1811 1078 durat,
1854 980 1961 1081 *le
2004 1006 2117 1089 essa¹

257 1096 395 1241 uffan
421 1094 630 1235 respons.
681 1116 881 1190 Evanesoit
899 1118 1001 1190 enim
1027 1116 1063 1190 in
1090 1114 1293 1190 Batraobiis
1321 1127 1357 1188 et
1383 1113 1528 1189 Lacert'
1506 1128 1552 1188 trs
1576 1128 1789 1214 tempestate
1821 1116 1980 1192 calidiori
2007 1094 2094 1218 post

256 1251 441 1350 biborium,
469 1236 883 1355 tempestafflirigidiori
909 1262 992 1349 post
1018 1249 1149 1351 horq,
1178 1274 1256 1349 qum
1283 1250 1407 1324 eadem
1433 1251 1468 1322 in
1497 1247 1662 1348 0plridiis
1706 1276 1790 1326 esse
1816 1251 1993 1330 ridentur.
2044 1254 2089 1350 In

257 1383 444 1464 Chelooiis
470 1402 590 1463 autem
614 1360 734 1465 motus
760 1387 946 1461 vibratorii
973 1388 1147 1463 tenacitas
1175 1387 1342 1459 maxima!
1395 1383 1646 1460 interfecimus
1677 1385 1857 1488 Eurydem
1890 1411 2089 1488 europeam

257 1521 344 1597 bora
369 1520 557 1598 undecima
582 1525 764 1599 matutina.
816 1520 988 1596 Vidimus
1030 1534 1164 1596 motum
1190 1523 1225 1594 in
1253 1519 1415 1615 trachea,
1444 1519 1639 1620 oesopbago
1665 1533 1701 1595 et
1728 1545 1790 1597 ore
1816 1522 1903 1598 bora
1929 1524 2089 1623 ejusdem

257 1656 328 1732 diei
356 1670 486 1756 quarta
511 1657 751 1757 pomeridiana
778 1669 814 1732 et
839 1682 931 1734 nona
964 1660 1191 1756 vespertina,
1224 1657 1404 1755 insequuti
1431 1652 1501 1728 diei
1525 1653 1612 1730 bora
1647 1656 1782 1732 decima
1799 1657 1981 1754 matutina,
2010 1671 2088 1735 ter·

257 1793 308 1867 tia
332 1792 574 1893 pomeridiana
599 1804 635 1868 et
661 1804 789 1868 octava
814 1795 1032 1891 vespertina,
1059 1794 1155 1868 tertii
1181 1791 1252 1866 diei
1277 1790 1363 1866 bora
1380 1814 1474 1865 nona
1490 1794 1671 1889 matutina,
1696 1791 1934 1891 pomeridiana
1953 1807 2088 1891 quarta.

258 1925 356 2018 Ouid
381 1928 519 2004 multat?
570 1927 624 2005 Ut
649 1929 763 2005 uerbo
788 1929 959 2023 dicamus
987 1939 1106 2004 neotus
1133 1928 1352 2002 vibratorius
1377 1926 1414 2000 in
1440 1948 1503 2002 ore
1521 1951 1586 2026 per
1611 1919 1781 2025 novem,
1808 1929 1846 2002 in
1863 1929 2089 2028 pulmonibus

259 2075 296 2138 et
312 2063 456 2140 trachea
473 2089 538 2163 per
563 2062 786 2141 tredecim
821 2065 910 2137 etin
929 2063 1122 2164 oesopbago
1147 2086 1211 2161 per
1238 2061 1503 2161 quindecim
1521 2061 1599 2136 dies
1625 2074 1697 2137 tam
1722 2061 1916 2138 vehemens
1935 2064 2088 2164 duravit,

261 2214 301 2272 ut
319 2200 532 2299 particulam
563 2224 610 2274 ex
636 2199 776 2273 animali
802 2198 924 2297 paullo
950 2212 1032 2273 ante
1057 2209 1183 2273 necato
1209 2195 1432 2296 desumptam
1447 2196 1646 2278 esseiacile
1660 2197 1840 2274 crederes.
1870 2199 2090 2289 Putrelactio

261 2334 343 2431 inde
369 2359 546 2410 summum
573 2336 648 2409 sere
674 2333 827 2435 gradum
855 2360 963 2432 quum
991 2335 1182 2434 attigisset,
1209 2345 1332 2432 partes
1357 2331 1580 2409 solummodo
1615 2333 1913 2435 colliquescentes
1947 2335 2110 2439 vibrare¹

260 2469 454 2546 desierunt.
480 2514 532 2527 -
584 2468 661 2548 Cor
688 2470 732 2544 ad
758 2469 880 2544 boram
906 2482 1066 2569 quartam
1092 2469 1242 2543 alterius
1268 2467 1350 2564 diei,
1377 2470 1493 2566 capite
1518 2479 1719 2569 amputato,
1747 2482 1874 2567 sponte
1899 2467 2093 2571 psspitabat

259 2605 486 2706 musculique
513 2584 824 2702 cumbolunta1·ii,
851 2616 926 2679 tum
952 2604 1181 2680 involuntarii
1208 2603 1253 2678 ad
1279 2605 1420 2702 septimi
1447 2603 1515 2677 dici
1551 2603 1672 2681 boram
1716 2617 1877 2704 quartam
1918 2629 2093 2683 summam

260 2740 460 2816 retinebant
490 2743 773 2817 irritabilitatem.
804 2777 855 2795 ν
907 2737 1024 2832 Quem
1049 2750 1184 2815 motum
1202 2741 1442 2814 vibrantium
1474 2764 1541 2839 per
1566 2753 1637 2815 tam
1662 2740 1810 2842 longum
1835 2757 1978 2841 tempus
2003 2766 2094 2818 con·
2167 2788 2170 2796 ·

140 2929 143 2936 ·
260 2878 435 2950 tinuatum
460 2899 531 2952 non
557 2878 675 2953 solum
700 2879 737 2952 in
763 2876 950 2975 particulis
977 2900 1057 2950 cum
1084 2876 1225 2950 animali
1254 2875 1461 2973 conjunctis,
1489 2875 1618 2951 sedin
1645 2878 1738 2954 omni
1756 2876 1835 2976 ejus
1861 2889 1964 2976 parte
1980 2877 2093 2955 libere

260 3035 360 3110 aquae
377 3011 516 3113 frigidae
534 3012 741 3113 (temperiei
757 3007 800 3086 5⁰
822 3011 894 3110 R.)
920 3012 1086 3086 immersa
1112 3021 1173 3085 aut
1200 3014 1461 3110 compressorio
1487 3013 1727 3089 microtomico
1753 3035 1960 3112 compressa
1978 3014 2093 3091 autin

260 3149 437 3247 sanguine
462 3147 508 3224 al.
533 3159 730 3242 reservata,
757 3146 858 3222 nulla
883 3148 1017 3223 mutata
1044 3147 1236 3244 celeritate,
1265 3147 1476 3234 deteximus.
2120 3253 2122 3256 1

415 3280 450 3358 6.
476 3281 642 3359 Avium
670 3295 705 3358 et
731 3283 1029 3358 mammalium
1054 3294 1173 3358 motus
1200 3282 1380 3381 aliquanto
1414 3283 1534 3357 minus
1576 3279 1708 3356 durare
1749 3279 1921 3367 videntur
1953 3295 2094 3383 tempe-

260 3308 526 3518 statedrigida,
571 3442 676 3517 quam
708 3428 867 3519 tempore
893 3443 1005 3495 verno
1033 3427 1069 3492 et
1096 3419 1231 3493 astatis
1257 3416 1374 3494 calido
1401 3428 1436 3493 et
1462 3416 1553 3491 varii
1596 3417 1795 3522 secundum
1821 3418 1942 3493 varias
1968 3430 2094 3519 partes

260 3567 356 3647 sunt.
408 3550 615 3632 Oviduotus
641 3565 774 3629 motum
800 3555 934 3630 aestatis
961 3565 1120 3654 tempore
1146 3577 1213 3653 per
1238 3563 1314 3629 tres
1341 3563 1597 3653 postmortem
1623 3551 1718 3628 horae
1736 3565 1858 3651 partes
1876 3552 2007 3629 durare
2033 3554 2094 3628 vi·

261 3688 396 3786 dimue3
432 3687 592 3782 ¹trachea
626 3713 692 3789 per
718 3688 840 3765 horam
866 3699 902 3763 et
927 3692 1005 3765 nasi
1031 3713 1097 3791 per
1124 3698 1290 3786 quattuor
1317 3700 1353 3763 et
1398 3687 1492 3787 quod
1519 3687 1662 3762 excedit
1687 3685 1804 3764 boras.
1861 3685 1978 3781 Quem
2003 3713 2093 3766 vero

259 3827 339 3901 nasi
365 3836 500 3901 motum
524 3826 589 3901 vix
615 3850 657 3901 ac
682 3848 728 3900 ne
757 3826 817 3899 vix
845 3824 987 3924 quidem
1030 3849 1096 3926 per
1121 3822 1215 3900 borae
1248 3821 1429 3899 dimidium
1456 3822 1654 3899 autumnali
1680 3833 1840 3924 tempore
1866 3822 1999 3900 durare
2024 3825 2093 3900 ob·

262 3961 502 4038 servavimus.
1280 3951 1281 3955 '
1988 3931 1992 3937 .

1100 4095 1154 4188 -§.
1181 4093 1243 4172 ⁷⁷.
1302 4178 1305 4187 .
1372 4163 1375 4168 .

377 4327 379 4330 y
414 4228 504 4324 Quae
531 4228 748 4329 dictasunt,
776 4229 821 4304 ad
848 4254 911 4306 eos
937 4241 1074 4304 tantum
1100 4229 1325 4329 adplicentur
1350 4252 1469 4324 casus,
1497 4230 1533 4302 in
1560 4229 1690 4327 quibus
1707 4228 1856 4304 aliarum
1875 4229 2006 4305 sirium
2028 4252 2089 4303 re·

261 4388 411 4466 rumque
438 4365 560 4442 nullus
586 4364 689 4441 adest
714 4365 873 4441 influxus
898 4378 1004 4464 atque
1031 4365 1189 4442 effectus.
1240 4365 1300 4441 Ile
1327 4363 1382 4438 bis
1409 4365 1500 4438 enim
1522 4360 1649 4438 latiora
1672 4360 1791 4464 aliqua
1820 4363 2091 4465 insequentibus

244 4500 377 4578 'tribus
392 4503 568 4604 capitibus
595 4502 813 4602 proposituri
830 4526 966 4599 sumus,
987 4500 1047 4576 ubi
1067 4501 1172 4577 etiam
1189 4498 1236 4576 de
1254 4501 1290 4575 vi
1307 4499 1496 4601 sanguinis
1514 4501 1741 4575 conservanti
1758 4499 1875 4576 fusius
1895 4500 2091 4599 loquemur.

954 4733 958 4740 ’
1013 4768 1356 4872 capntlo
1399 4752 1401 4759 ’

290 4906 358 4984 Ile
384 4908 563 5006 virium,
592 4934 702 5010 quas
728 4907 951 5010 plrpsicas
977 4906 1161 5005 dicunt,
1196 4907 1238 4982 in
1268 4917 1433 4983 motum
1459 4904 1617 4980 vibrat
1602 4906 1767 4981 torium
1792 4903 2067 4981 influxibus

894 5028 970 5166 Q
1104 5041 1224 5129 8⁷8

413 5176 473 5251 Ile
500 5178 661 5280 physicis
688 5180 826 5255 viribus
853 5179 926 5255 hac
952 5177 1031 5253 sola
1057 5176 1123 5255 boc
1150 5178 1228 5254 loco
1254 5174 1429 5252 monenda
1454 5199 1537 5252 esse
1565 5174 1749 5250 ridentur:
