4688 6038
720 1585 1089 1688 Lectorilruu
1140 1585 1481 1687 Benevnliu
1567 1685 1664 1698 W·
1747 1655 1752 1665 .

382 1856 445 1935 ,ὁ
993 1772 1176 1892 ΔΜιιὶ.
1239 1864 1284 1880 ¹·

899 1955 901 1957 ’
950 1957 1250 2041 Auctorem

344 2226 622 2326 industriorum,
655 2217 878 2332 polyporum
903 2255 946 2306 ac
970 2228 1235 2308 Mulluscmum
1259 2239 1378 2306 motus
1404 2226 1620 2305 vibratnrius
1645 2236 1834 2329 postquam
1859 2239 1895 2306 et
1920 2229 2012 2306 alin·

193 2417 273 2471 rum
298 2396 444 2496 scriptis
470 2407 506 2472 et
532 2397 666 2473 nostris
691 2399 851 2499 ipsorum
876 2398 1185 2477 observationibus
1211 2399 1362 2481 innotuit
1385 2397 1499 2498 nubis,
1526 2397 1608 2483 anui
1629 2395 2013 2491 mmcccxxxlss.

98 2574 101 2579 ’
193 2564 338 2641 ineunte
381 2587 487 2661 vere,
529 2577 571 2640 ut
603 2590 643 2641 re
677 2577 748 2642 tam
765 2567 948 2680 eleganti,
992 2592 1098 2668 quam
1140 2568 1331 2644 artificiosa
1374 2591 1505 2643 sensus
1536 2565 1735 2643 delectetur
1767 2577 2013 2667 augeaturquc

192 2733 369 2836 cognitio,
395 2730 667 2809 Batrachiorum
692 2733 814 2810 larvas
840 2735 1079 2835 investigandi
1113 2737 1272 2838 cepimus
1316 2736 1512 2812 consilium.
1563 2733 1706 2830 Quibus
1741 2735 1851 2812 rebus
1881 2734 2014 2810 lactum

194 2911 268 2997 est,
302 2912 342 2977 ut
373 2924 510 2977 omnem
535 2901 611 2978 lere
635 2901 742 3002 hujus
767 2905 912 3004 generis
937 2915 1071 2980 motum
1105 2908 1197 2982 ciliis
1231 2905 1353 3007 perlici
1395 2903 1498 2980 nubis
1532 2903 1841 3004 persuaderemus
1892 2901 2015 2978 Primo

194 3080 313 3146 autem
338 3094 426 3145 vere
452 3069 534 3146 anni
559 3071 739 3171 insequuti
764 3070 1037 3171 Amphibicrum
1064 3073 1298 3175 illasiternm
1326 3073 1597 3147 retractavimus
1621 3073 1761 3169 larvas,
1787 3080 1829 3146 ut
1855 3070 1924 3146 alia
1950 3071 2018 3148 nb-

194 3238 400 3314 servaticne
426 3240 592 3316 reiterata
618 3239 887 3339 confirmentur,
933 3241 1003 3316 alia
1034 3266 1163 3317 rursus
1189 3244 1352 3341 inspecta
1386 3238 1592 3315 adcuratius
1626 3238 1881 3338 intelligantur.
1933 3236 2017 3333 Quo

194 3405 338 3507 quidem
362 3416 461 3484 motu
486 3405 679 3484 vibratnrin
706 3431 814 3508 quum
841 3409 954 3484 omnis
980 3373 1118 3485 animus
1144 3420 1266 3484 noster
1292 3419 1390 3484 esset
1412 3417 1641 3508 occupatus,
1674 3430 1763 3482 casu
1797 3405 1943 3504 accidit,
1976 3417 2018 3482 ut

194 3573 286 3649 alter
313 3575 466 3652 cuniculi
494 3573 638 3676 semina,
665 3576 781 3654 tribus
807 3576 932 3654 abhinc
958 3576 1085 3654 diebus
1111 3589 1319 3679 pragmata,
1347 3576 1524 3678 genitales
1550 3586 1671 3676 partes
1697 3598 1740 3650 en
1765 3577 1932 3675 consiliu,
1976 3585 2018 3650 ut
2121 3623 2124 3631 -

195 3765 265 3818 nura
289 3744 327 3820 in
352 3743 449 3820 tubis
475 3742 680 3844 detegeret,
725 3756 973 3844 perscrutatus
1008 3744 1171 3821 divulsas
1205 3745 1414 3822 membrana
1455 3768 1610 3821 mucnsae
1636 3743 1831 3845 particulas
1856 3743 2018 3819 minimas

194 3913 332 3992 mnvcri
358 3912 470 3989 libere
497 3922 532 3987 et
559 3911 667 3989 rotari
694 3923 866 3988 cerneret.
917 3912 999 3990 Huc
1024 3924 1258 3991 monstratum
1283 3914 1386 3989 alteri
1413 3912 1591 4013 extemplo
1617 3921 1808 4013 promotu
1823 3909 2018 3986 vibratorin

196 4091 253 4159 est
278 4081 449 4182 agnitum.
505 4077 614 4156 'l'anti
640 4080 693 4157 rei
719 4081 898 4182 gravitate
916 4083 1091 4178 commoti,
1111 4093 1255 4181 postero
1283 4082 1339 4157 die
1365 4082 1486 4181 arinm
1505 4080 1681 4157 adivimus
1707 4077 1926 4177 oviductum‚
1957 4079 2018 4179 qui
2153 4187 2159 4193 .

194 4258 329 4325 motum
353 4249 456 4324 illum
481 4249 517 4324 in
542 4248 754 4325 membrana
778 4275 933 4326 mucosae
958 4249 1148 4349 superficie
1175 4262 1244 4327 tam
1277 4252 1374 4327 clare
1415 4251 1671 4348 manifesteque
1712 4246 1816 4323 nobis
1848 4246 2017 4344 exhibuit,
2063 4324 2065 4330 ,

196 4426 236 4491 ut
263 4415 457 4517 adspectus
484 4416 703 4516 praeberetur
722 4418 1019 4517 jucundissimus.
1070 4417 1164 4494 Tum
1197 4422 1301 4495 etiam
1333 4421 1483 4495 aliorum
1508 4417 1709 4493 animalium
1734 4416 2018 4492 vertebratorum

196 4591 233 4660 et
258 4580 321 4657 illa
346 4584 425 4684 ipsa
451 4609 604 4687 organa,
632 4599 668 4660 et
694 4586 831 4687 reliqua
857 4589 972 4664 emnia
998 4586 1167 4663 adcurate
1185 4588 1479 4687 explorabatur,
1505 4584 1600 4661 unde
1625 4595 1759 4662 mutum
1784 4583 2016 4663 vibratnrium

196 4750 368 4854 generale
402 4776 485 4828 esse
519 4752 788 4856 piammonem,
832 4755 926 4856 quod
968 4756 1004 4831 in
1032 4758 1184 4831 omnium
1210 4756 1470 4855 Mammalium‚
1513 4753 1654 4830 Avium
1679 4765 1715 4872 et
1740 4750 2016 4856 Amphibinrum

197 4920 361 5024 partibus
387 4921 628 5019 respiratnriis
654 4948 697 4999 ac
722 4924 939 5059 gpnitalibus
970 4927 1188 5025 reperiatur,
1233 4925 1405 5026 adparuit.
1454 4922 1585 4999 Eidem
1610 4925 1680 5023 rei,
1726 4931 1894 5023 quantum
1936 4918 2015 4995 lieri

198 5087 323 5195 potuit,
350 5091 387 5166 in
413 5090 623 5167 animalibus
649 5078 885 5169 evertebratis
911 5091 1097 5194 indagata,
1126 5118 1233 5203 quum
1258 5093 1352 5171 lraud
1379 5095 1513 5195 exigua
1537 5115 1710 5170 novarum
1727 5089 2016 5169 observationum
