4688 6038
1068 447 1271 524 *8⁷-

254 635 376 712 c'osam
400 632 492 710 inire
518 642 576 711 est
601 631 824 732 verosimile,
861 631 985 718 eadem
1003 634 1224 734 probantur,
1260 657 1368 735 quum
1399 633 1497 711 illico
1524 645 1605 733 post
1632 645 1770 735 prartuur
1797 645 1982 734 peractum
2006 638 2084 736 pri-

255 771 394 870 misque
419 769 566 868 diebus,
610 770 695 868 quin
721 767 900 846 interdurn
922 770 1137 869 septimanis
1162 781 1261 870 post,
1305 782 1425 847 motus
1450 768 1669 855 uibratorius
1695 771 1930 849 marnmalium
1956 782 2085 870 preter

255 905 1386 1007 1011001001ομ0011111100001000010300110110000101οι0
1429 905 1525 982 illico
1551 931 1640 981 tero
1666 880 1796 1002 intret,¹
1836 907 1898 982 ubi
1940 906 2025 992 cilia
2047 909 2084 993 in

256 1043 467 1118 membrana
492 1065 649 1118 mucosa
674 1064 776 1117 novo
800 1040 993 1140 superficie
1019 1040 1224 1139 adpareaut
1274 1040 1335 1153 Dc
1361 1040 1524 1116 ciliorum
1550 1041 1661 1141 igitur
1678 1053 1715 1124 et
1731 1041 1863 1125 baseos
1879 1042 2084 1142 integritate

255 1177 335 1253 0010
360 1187 493 1253 motum
518 1189 681 1254 nostrum
705 1200 788 1253 cunr
812 1187 996 1279 vegetum,
1023 1187 1098 1252 tum
1125 1174 1438 1277 redintegrandum
1466 1176 1667 1275 dependere
1694 1177 1791 1258 01001
1817 1175 2002 1264 audemus.

1109 1448 1144 1533 8.
1169 1445 1257 1524 109.

951 1579 1397 1681 Propositio.

246 1713 483 1810 Quamvis
508 1715 680 1792 loculis
712 1725 863 1792 motus
904 1714 1155 1817 vibratnrii
1197 1726 1357 1793 natura
1398 1710 1648 1791 dubitanda
1688 1735 1771 1790 non
1813 1713 1894 1813 sit,
1936 1723 2087 1807 tarnep

257 1851 363 1928 lieri
389 1861 555 1953 potest,
597 1862 665 1948 ut,
709 1851 784 1950 qui
810 1874 979 1926 omnem
1011 1850 1175 1952 organi
1217 1849 1524 1951 superficiem
1550 1848 1813 1950 adtingunt,
1846 1851 2086 1951 processi·
2123 1868 2125 1872 ’

458 2053 460 2057 ,
517 1986 601 2063 bus
627 1988 770 2063 omnis
794 1987 1075 2065 membranae
1100 1986 1391 2085 superficies
1416 1984 1606 2060 vibrare
1632 1984 1825 2060 desinat

412 2121 669 2221 inquisitiones
711 2132 841 2198 nostre
866 2121 912 2198 de
945 2122 1227 2200 inflammationis
1253 2122 1449 2198 inmotum
1474 2114 1708 2197 vibratorium
1731 2119 1870 2196 influxu
1903 2121 2086 2220 institute,

237 2257 426 2369 ¹quamvis
451 2258 555 2334 nobis
580 2258 671 2357 ipsis
696 2268 770 2334 tam
794 2269 902 2335 certe
925 2283 996 2335 non
1021 2260 1095 2334 0101
1120 2258 1224 2355 visae,
1250 2267 1292 2332 ut
1318 2269 1420 2333 extra
1447 2279 1585 2332 omnem
1611 2253 1841 2331 dubitationis
1875 2255 1989 2332 aleam
2015 2258 2088 2333 0101
2157 2306 2159 2311 =

260 2380 396 2491 posita,
422 2403 556 2491 tamen,
590 2394 849 2491 posterioribus
881 2394 1094 2493 quibusdam
1118 2393 1338 2491 temporibus
1366 2392 1494 2490 quodsi
1529 2380 1799 2488 confirmentur,
1833 2414 1945 2469 casus
1975 2414 2088 2492 0000·

260 2525 346 2600 dnm·
362 2525 536 2605 ¹exbibere
561 2529 711 2627 possint,
738 2530 799 2627 qui
824 2542 958 2605 motum
983 2527 1215 2605 vibratorium
1241 2527 1277 2603 iu
1303 2529 1506 2603 membrana
1539 2552 1611 2602 000
1642 2538 1779 2603 tantum
1804 2526 1884 2603 loco
1910 2525 1998 2602 laesa
2023 2548 2089 2627 per

260 2672 370 2739 totam
396 2663 476 2760 ejus
501 2665 746 2743 extensionem
770 2663 920 2748 inhiberi
945 2663 1198 2742 demonstrent.
1250 2660 1341 2755 000
1366 2660 1474 2739 lubia
1500 2662 1643 2763 quidem
1669 2687 1773 2760 esse,
1806 2685 1878 2738 non
1903 2685 2089 2764 negamus.

191 2779 193 2783 ’
261 2794 330 2872 Sin
356 2820 446 2874 vero
472 2811 572 2875 certa
598 2801 704 2875 etiam
734 2800 825 2898 sint,
868 2801 935 2898 ils,
968 2823 1047 2898 quae
1073 2799 1119 2874 de
1145 2797 1250 2874 100011
1274 2809 1394 2874 motus
1420 2799 1534 2875 nostri
1560 2811 1688 2873 natura
1713 2797 1986 2897 proposuimus,
2017 2821 2088 2879 000

261 2933 528 3034 repugnabunt!
555 2932 675 3034 Cujus
691 2936 745 3011 rei
761 2934 1069 3011 tuuc'meberclel
1096 2944 1166 3008 tam
1194 2933 1377 3009 recondita
1403 2960 1447 3011 ac
1472 2948 1608 3010 remota
1633 2933 1823 3034 explicatio
1848 2957 1920 3009 non
1945 2943 2022 3032 est,
2048 2946 2089 3011 01
2116 2958 2123 2966 ·

261 3067 455 3167 sopbismis
480 3069 542 3147 vel
568 3070 763 3146 verborum
787 3071 917 3158 tinnitu
942 3095 965 3146 e
990 3093 1117 3169 campo
1141 3069 1209 3145 boc
1234 3069 1408 3145 litterario
1434 3069 1559 3171 egredi
1576 3069 1636 3144 vel
1653 3068 1810 3145 evadere
1827 3070 1943 3147 01000
1964 3067 2089 3147 macti.

260 3202 540 3282 Inflammatione
567 3206 660 3281 enim
685 3207 798 3282 totius
822 3207 1033 3284 membranae
1059 3216 1222 3281 naturam
1246 3206 1376 3280 mutari
1403 3229 1446 3281 ac
1472 3205 1653 3305 perverti,
1679 3229 1796 3301 nonne
1822 3203 2089 3306 sanguinilero·

261 3362 341 3415 rum
361 3363 537 3442 ,vesorum
562 3340 756 3440 plenitudo,
783 3365 901 3419 00000
926 3342 1166 3419 secretionum
1192 3352 1255 3415 aut
1279 3340 1427 3416 mututio
1454 3351 1516 3416 001
1542 3339 1705 3417 delectus
1731 3338 1777 3426 al,
1801 3339 2004 3425 luculenter
2021 3338 2089 3419 de·
2118 3381 2124 3392 x

260 3479 485 3552 monstrent?
535 3472 766 3569 (insomnes
792 3502 853 3553 res
877 3478 1033 3576 majores
1058 3474 1186 3575 quodsi
1212 3500 1277 3576 per
1303 3487 1412 3553 totam
1439 3477 1683 3563 extensionem
1707 3484 1891 3551 mut-antur
1906 3475 1969 3550 vel
1994 3474 2089 3553 inhi-

259 3610 400 3709 bentur,
428 3611 513 3711 quid
540 3611 622 3688 cilia
646 3612 709 3688 illa
733 3613 891 3711 minima,
918 3613 1049 3710 100010,
1077 3612 1198 3712 itaque
1224 3624 1445 3713 comparatu,
1472 3621 1533 3709 01,
1559 3610 1661 3688 brevi
1688 3621 1945 3711 postmortem
1970 3610 2088 3710 spatio

261 3758 400 3841 eructo,
428 3759 658 3842 evanescant,
686 3773 765 3848 quae
790 3772 986 3850 processus
1000 3749 1154 3849 primum
1179 3748 1361 3850 globulosi
1388 3759 1424 3823 01
1450 3746 1605 3846 epitbelii
1631 3748 1747 3847 ipsius
1773 3742 1902 3829 deinde
1927 3746 2087 3847 desqua-
2136 3780 2142 3793 ·

261 3884 367 3965 rustic
392 3884 664 3985 insequuntur?
776 3980 778 3986 Ι

1103 4070 1138 4155 S.
1164 4065 1251 4144 110.

742 4252 1098 4344 Placitum
1155 4253 1592 4333 undecimum.

260 4423 361 4501 Nec
385 4424 575 4528 singula
600 4424 789 4524 quadam
816 4448 960 4524 eaque
986 4423 1180 4500 delinita
1207 4425 1367 4525 003001
1394 4422 1634 4524 cujusdam
1659 4421 1894 4499 functione
1935 4430 2090 4497 motus

261 4560 560 4638 vibratorius
586 4563 752 4658 utitur,
779 4559 860 4636 sed
887 4559 1237 4661 phaenomenon,
1263 4559 1612 4636 fundamen-tale
1638 4580 1768 4657 quum
1793 4560 1867 4655 sit,
1893 4556 2089 4657 0103010

367 4690 371 4701 '
810 4698 924 4772 omni
951 4698 1190 4772 luuctione
1216 4707 1290 4771 est
1316 4696 1549 4795 superius.
1774 4787 1782 4809 ,

415 4827 514 4928 000,
542 4830 740 4907 rationibus
765 4833 859 4907 inter
884 4856 927 4907 se
952 4833 1043 4909 bene
1070 4831 1211 4907 collatis
1237 4856 1280 4906 ac
1305 4830 1538 4931 comparatis,
1573 4838 1701 4929 sponte
1728 4826 1881 4903 elucent.
1933 4825 2089 4907 Pharo.-

261 4989 366 5045 meuo
392 4969 485 5041 enlm
511 4964 780 5064 fundamentali,
807 4992 916 5068 quum
941 4991 1058 5067 neque
1083 4969 1120 5043 in
1145 4966 1302 5068 01030110
1328 4964 1550 5062 solummodo
1575 4961 1786 5039 animalibus
1810 4961 1994 5061 obveniat,
2021 4984 2098 5048 ne-‚
2155 4936 2162 4944 ’

268 5123 338 5200 qne
364 5100 399 5176 in
427 5101 574 5202 0103010
601 5101 752 5203 quodam
780 5127 903 5179 eorum
929 5127 1083 5206 organo,
1127 5101 1194 5178 sed
1219 5103 1254 5177 10
1282 5123 1498 5204 organorum
1523 5109 1647 5198 coetu,
1691 5122 1763 5175 una
1788 5096 1983 5196 eodemque
2007 5096 2089 5187 idea
