4688 6038
1012 504 1273 580 ‘sar-

257 693 410 771 tatiooes
437 687 667 790 embryonum
695 687 864 765 describit
890 690 928 785 (l.
955 715 984 767 c.
1016 716 1051 790 p.
1076 692 1315 786 ato-5120.
1368 657 1617 772 Vibrationem
1660 699 1739 775 cavi
1767 701 2020 801 respirationis
2047 717 2084 782 et

257 828 526 923 tentaculorum‚
543 824 640 900 nulla
663 827 840 904 mentione
866 826 1154 904 observationum
1182 855 1202 903 a
1228 829 1392 929 Respuit
1421 834 1481 929 qui
1508 831 1632 909 eadem
1658 854 1704 908 ex
1730 847 1832 934 parte
1852 854 2083 940 exposuerat,

257 960 502 1075 institqdurum
528 961 635 1058 lacta,
664 984 780 1059 neque
806 974 924 1036 autern
950 986 996 1037 ex
1022 978 1105 1040 cute
1131 978 1290 1062 externa,
1321 966 1378 1040 ubi
1406 968 1511 1042 etiam
1537 966 1651 1064 adest,
1679 970 1847 1069 explicat.
1900 973 2085 1051 Praeterea

155 1129 160 1137 ·
255 1086 389 1176 motuni
420 1099 652 1172 vibratorium
684 1098 778 1170 circu
805 1121 846 1171 os
873 1097 1016 1172 obvium
1043 1101 1077 1173 in
1104 1100 1278 1202 menaeo
1306 1100 1513 1177 observavit
1540 1103 1576 1179 (l.
1603 1129 1633 1179 c.
1659 1128 1692 1202 p.
1710 1104 1820 1195 543).

406 1232 621 1333 Ebrenberg
647 1229 914 1332 (organisation
941 1236 976 1311 in
1003 1234 1068 1310 der
1092 1234 1279 1337 Ricbtung
1305 1235 1371 1311 des
1397 1235 1576 1312 kleinsten
1599 1237 1773 1316 Raumes.
1823 1241 1966 1319 Dritter
1991 1242 2084 1318 Bei-

206 1395 210 1404 ·
257 1384 347 1470 trag.
374 1367 484 1444 1834.
510 1369 558 1444 d)
591 1368 754 1468 algarum
784 1369 1032 1468 prolilerorum
1063 1371 1290 1470 globulorum
1315 1384 1449 1447 motum
1482 1372 1724 1449 voluntarium
1751 1375 1788 1451 tl.
1815 1402 1845 1455 c.
1877 1405 1912 1477 p.
1939 1376 2011 1486 Ι13.)
2048 1393 2086 1456 et

236 1507 327 1582 ,vim
342 1504 624 1580 Vortieellarum
649 1505 894 1600 incantantem,
923 1505 965 1578 ab
992 1503 1147 1605 Agardb
1176 1508 1404 1605 propositam,
1426 1509 1509 1605 jure
1535 1521 1644 1608 negat
1671 1509 1709 1586 d.
1735 1535 1765 1586 c.
1791 1535 1825 1610 p.
1848 1511 1944 1607 alm
1973 1514 2084 1589 Peri·

255 1641 398 1743 pberem
424 1664 513 1714 vero
541 1639 978 1740 couclrvliospermaticum
1004 1639 1103 1718 Caro
1129 1666 1330 1743 synonyma
1356 1666 1440 1717 esse
1466 1642 1652 1720 'l'riebodae
1676 1645 1830 1744 pediculi
1860 1618 2084 1748 reperirique

255 1779 289 1852 in
318 1776 504 1876 permultis
523 1776 601 1850 aliis
628 1775 838 1849 animalibus
865 1777 927 1855 (ita
954 1800 1035 1851 eum
1061 1802 1127 1852 nos
1153 1779 1221 1876 ipsi
1248 1780 1283 1852 in
1310 1777 1488 1853 brancbiis
1522 1792 1559 1853 et
1592 1804 1655 1855 ore
1680 1778 1868 1881 Anguillre
1903 1785 2086 1884 copiosis·

254 1916 345 1988 sime
372 1913 595 1993 invenimus.)
623 1910 785 1985 adfirmat
821 1911 857 1987 (l.
884 1936 914 1986 c.
945 1939 978 2012 p.
1006 1911 1089 1988 lbi.
1141 1908 1214 2004 Qui
1240 1926 1358 1988 motus
1376 1913 1560 1989 vibratorii
1584 1915 1799 1993 functionem
1817 1921 2086 2017 respiratorium

255 2047 508 2144 defendissent,
536 2047 743 2121 auctoribus
769 2047 918 2146 prolatis
945 2047 981 2130 (l.
1007 2072 1038 2125 c.
1072 2074 1106 2147 p.
1132 2044 1193 2125 39.
1218 2047 1303 2145 40),
1339 2048 1527 2124 branchias
1552 2051 1711 2126 internas
1729 2051 1901 2128 tremulas
1918 2079 1940 2128 a
1955 2078 1999 2129 se
2015 2053 2085 2132 de·

255 2199 371 2261 tectas
397 2183 566 2257 describit
594 2183 630 2258 d.
657 2208 687 2257 c.
714 2208 747 2280 p.
773 2182 846 2271 42.)
874 2184 1089 2283 singulaque
1122 2183 1333 2258 animalcula
1368 2185 1552 2282 explicans
1580 2186 1617 2262 (l.
1642 2210 1673 2261 c.
1700 2212 1735 2286 p.
1760 2184 1810 2260 53
1828 2194 1918 2290 sqq)
1946 2213 2084 2291 organa

255 2322 501 2419 cujuscunque
528 2319 698 2394 rotatoria
725 2329 760 2391 et
786 2318 981 2392 vibraturia
1007 2318 1279 2394 adcuratissime
1307 2321 1462 2418 exponit
1512 2319 1681 2420 Denique
1707 2322 1958 2399 animalculum
1990 2324 2083 2401 illud

256 2457 475 2551 rotatorium‚
503 2452 598 2554 quod
624 2478 691 2528 nos
711 2454 784 2549 jam
813 2469 895 2527 aute
921 2478 1050 2531 aunum
1076 2455 1350 2530 observavimus
1377 2468 1412 2530 et
1438 2455 1761 2533 demonstravimus
1788 2455 1859 2536 <ct
1882 2457 2084 2536 Verband'-

256 2594 390 2693 langen
417 2589 481 2665 der
506 2587 750 2665 soblesiscben
778 2587 1021 2665 Gesellscbalt
1047 2590 1105 2663 fiir
1132 2589 1416 2666 vaterlandische
1442 2587 1578 2668 Cultus
1603 2592 1651 2666 im
1676 2590 1789 2667 dabre
1815 2591 1927 2671 1833.
1960 2619 1994 2695 p.
2020 2594 2084 2673 71,

256 2730 339 2824 73),
368 2743 543 2826 tamquam
570 2749 703 2799 novum
729 2724 904 2822 quoddam
932 2739 1038 2824 atque
1065 2725 1259 2799 inauditum
1285 2726 1455 2824 nulloque
1472 2728 1723 2825 antonomum,
1742 2728 1936 2804 Notomma
1959 2729 2084 2807 wer-

256 2864 371 2942 neckii
400 2866 614 2940 nominatum
642 2861 678 2935 d.
704 2885 735 2935 c.
770 2857 914 2959 puto,
950 2859 1130 2936 describit
1181 2859 1351 2937 leonibus
1378 2861 1686 2960 anbnalculorum‚
1729 2864 1923 2964 inquibus
1948 2867 2081 2963 insunt,

254 3003 336 3079 cilia
362 3002 547 3100 eleganter
574 2999 779 3098 pinguntur.

407 3135 506 3211 ldem
534 3147 659 3211 auctor
685 3132 866 3219 (lluller's
890 3129 1006 3208 Arcb
1031 3131 1101 3209 Bd.
1127 3131 1157 3208 l
1183 3158 1216 3230 p.
1241 3131 1341 3209 578)
1372 3131 1502 3207 Echini
1528 3131 1694 3207 saxatilis
1726 3131 1872 3207 aculeos
1897 3155 1940 3208 se
1963 3134 2084 3208 muni·

255 3269 323 3351 tos'
338 3272 475 3348 vidisse
501 3270 707 3346 membrana
732 3270 851 3343 ciliata
876 3269 1030 3344 vibranti
1049 3271 1194 3368 jamque
1211 3284 1315 3343 antea
1329 3293 1371 3344 se
1386 3270 1618 3345 vibrationem
1630 3266 1869 3343 characterem
1887 3265 2084 3344 Tarbella·

256 3413 388 3487 riomnn
418 3410 583 3508 posuisse
611 3419 647 3480 et
679 3407 714 3480 in
742 3404 1193 3480 intestiooRotatoriorum
1220 3419 1265 3481 et
1282 3404 1443 3480 Naidum
1467 3404 1647 3482 indicasse
1673 3427 1882 3503 omnemque
1907 3402 2083 3481 vibratio·
2222 3397 2225 3409 ’

256 3572 335 3624 rtem
361 3547 455 3622 ciliis
482 3543 574 3622 elfiei
595 3544 678 3641 jure
706 3540 894 3617 contendit.

1107 3848 1142 3931 S.
1167 3843 1229 3921 31.

411 3983 493 4083 Oua
520 3984 632 4059 relata
658 3985 760 4068 omni,
789 4007 879 4082 quas
906 3984 940 4055 in
968 3981 1068 4056 libris
1094 3982 1197 4056 nobis
1223 3979 1495 4056 occurrentibus
1521 4001 1622 4067 (nam
1654 4001 1747 4076 quos
1782 3979 1852 4078 ipsi
1886 3951 1957 4055 aori
1988 3979 2087 4080 legi·

258 4146 348 4216 mua,
377 4145 444 4195 non
473 4122 684 4195 citavimus.)
711 4121 921 4212 invenimus
950 4119 1238 4192 observationum
1264 4116 1310 4189 de
1335 4128 1433 4189 motu
1459 4114 1653 4190 vibratorio
1671 4114 1845 4189 laetarum
1869 4128 2086 4190 memoram-

258 4281 328 4358 que
354 4255 540 4356 dignarum
568 4257 679 4354 copia,
707 4257 738 4330 si
766 4267 877 4329 totum
904 4255 1126 4352 respicimus
1155 4252 1269 4351 plura,
1296 4276 1393 4350 qua,
1419 4264 1462 4325 ut
1487 4263 1709 4345 moneantur,
1736 4249 1846 4350 digua
1870 4274 1957 4326 ωε
1981 4250 2087 4326 uobis

150 4427 153 4435 ·
258 4393 436 4470 videntur.
487 4392 587 4468 Ante
613 4393 729 4468 cantia
756 4393 867 4492 igitur
892 4393 1008 4465 series
1034 4406 1231 4488 temporum
1258 4390 1345 4486 ipsa
1372 4384 1639 4461 consideranda.
1669 4386 1788 4481 uobis,
1814 4400 1911 4462 suut.
1961 4384 2087 4460 Prina

258 4532 354 4607 sarie
381 4552 460 4603 cum
488 4544 605 4604 motus
631 4527 886 4604 anodontarum
914 4526 1114 4601 adultarum
1141 4525 1359 4598 vibratoriua
1385 4547 1407 4595 a
1432 4521 1483 4597 de
1508 4521 1654 4597 lleide
1681 4535 1718 4596 et
1734 4519 2086 4596 Leeuweahoek

259 4666 374 4743 luerat
402 4664 577 4760 detectus,
604 4680 679 4740 tum
694 4666 945 4739 inlusoriornm
964 4674 999 4737 ct
1018 4662 1231 4762 polyporum
1250 4658 1442 4733 multifarie
1467 4658 1695 4753 observatus,
1720 4672 1798 4732 tuur
1814 4655 1969 4755 deuiqac
1984 4669 2086 4732 rata-

260 4804 374 4878 torius
402 4801 567 4877 limacum
593 4816 628 4876 et
655 4800 911 4877 anodontarum
928 4800 973 4875 al.
1000 4794 1444 4890 aSwammerdarnm,
1471 4791 1823 4888 Leeuweuboek,
1849 4788 2087 4867 Boliadscb

261 4938 375 5014 visus
399 4937 459 5013 lla
474 4936 683 5039 polyporum
704 4939 784 5012 ovis
796 4963 837 5014 se
863 4937 1091 5013 moventibus
1117 4931 1296 5033 singulus,
1325 4955 1371 5005 ne
1389 4930 1483 5005 fidus
1506 4927 1648 5028 quiden
1663 4941 1845 5025 etcertus,
1860 4926 1965 5002 locus
1988 4922 2088 5026 apud

263 5072 430 5147 lieauw
442 5070 613 5149 enboelr
632 5075 820 5172 reperitur.
854 5071 988 5150 Altera
1002 5096 1090 5147 vero
1105 5073 1201 5146 serie
1217 5085 1346 5168 prater
1359 5066 1536 5162 Bastar,
1555 5066 1617 5166 qui
1633 5077 1768 5139 motum
1783 5065 1991 5138 rotatorin
2008 5084 2088 5136 en·

265 5206 596 5303 brvonnm'viderit,
614 5224 670 5282 est
688 5231 806 5289 nomo:
833 5225 956 5285 cnona
983 5222 1101 5283 autem
1127 5205 1258 5300 Ellis,
1273 5201 1490 5283 (lavolioi
1515 5200 1865 5278 ulmetumororun
1875 5199 2089 5299 polypum
