4688 6038
976 557 1026 572 -
1052 514 1179 611 ao·-¹

926 867 1134 1001 (taput
1156 864 1248 949 15.

850 1088 1278 1189 Epilogus.

1006 1306 1176 1427 §¹¹²1

322 1466 448 1575 Itaque
478 1487 608 1552 motum
636 1487 794 1549 nostrum
822 1475 1051 1549 vibratorium
1079 1488 1252 1574 tamquam
1277 1472 1526 1572 plraenomenon
1544 1469 1844 1572 zoophysiologiae
1872 1480 1987 1572 gene-

170 1609 246 1684 rale
278 1635 320 1685 ac
345 1610 605 1686 fundamentale
632 1635 695 1710 per
722 1634 843 1685 omnes
869 1610 1067 1683 animalium
1096 1609 1256 1706 ordineS,
1291 1633 1443 1710 organa,
1486 1620 1663 1706 tempora,
1707 1607 1985 1702 vicissitudines,

169 1755 287 1819 status
313 1771 356 1821 oc
381 1746 505 1821 modos
531 1747 696 1844 comitati,
724 1744 769 1851 ad
795 1745 936 1844 plantas
962 1747 1089 1820 iterum
1115 1743 1371 1845 regrediamur,
1404 1743 1596 1842 inquibus
1623 1743 1757 1816 nullum
1785 1742 1901 1816 adhuc
1928 1744 1987 1815 vi·

168 1878 340 1956 orationis
365 1893 496 1957 nosnae
522 1882 715 1981 uestigium
742 1903 824 1954 esse
850 1890 1039 1979 repertum,
1066 1865 1164 1955 initio
1185 1882 1259 1979 jam
1286 1881 1528 1979 exposuimus.
1580 1874 1670 1969 Oua
1694 1878 1856 1976 quamvis
1879 1879 1927 1952 ita
1944 1901 1986 1952 so

169 2011 338 2112 babeant,
381 2027 497 2091 tamen
525 2015 867 2117 phytophysiologiae
892 2039 953 2090 res
975 2016 1173 2123 ¹singularis
1200 2016 1371 2111 occurrit,
1399 2038 1477 2113 quae
1502 2014 1615 2088 nostri
1642 2011 1857 2111 phaenomeui
1883 2013 1987 2088 simi·

168 2147 352 2224 litudinem
371 2150 545 2249 quandam
563 2151 702 2251 prebet.
752 2149 917 2224 Dicimus
944 2151 1035 2224 enim
1055 2149 1364 2228 Osoillatoriarum
1389 2160 1523 2224 motum
1549 2148 1648 2222 illum
1664 2148 1890 2223 notissimum
1906 2172 1986 2224 ma·

169 2284 335 2384 ximeque
359 2285 491 2359 tritum.
543 2282 702 2377 Quarum
729 2308 836 2383 quum
862 2284 921 2358 fila
947 2295 1009 2358 aut
1035 2286 1078 2360 alr
1107 2309 1177 2361 uno
1201 2286 1315 2361 latere
1341 2284 1386 2359 ad
1412 2265 1572 2359 alterum
1589 2294 1651 2357 aut
1678 2284 1720 2358 alr
1739 2282 1906 2359 anteriori
1940 2280 1986 2357 ad

168 2421 349 2519 posterius
375 2421 554 2517 vacillent,
581 2434 642 2494 aut
667 2420 796 2494 leviter
821 2416 1007 2495 flectantur
1032 2432 1068 2493 et
1094 2419 1330 2494 extendantur
1355 2420 1415 2495 vel
1433 2419 1671 2517 reflectantur,
1690 2441 1806 2494 nonne
1823 2416 1987 2493 ciliorum

168 2538 369 2630 nostrorum
395 2556 550 2630 motibus
575 2580 685 2655 supra
703 2557 887 2652 enarratis,
916 2553 1133 2629 undulationl
1160 2554 1252 2628 euim
1278 2566 1314 2629 et
1344 2555 1570 2653 uncinatioui,
1597 2553 1838 2655 respondent?
1888 2549 1986 2646 Quin
2125 2632 2132 2645 ,

168 2689 350 2790 particulae
365 2690 505 2765 illarum
525 2691 693 2766 absiossae
719 2689 841 2765 eodem
859 2688 973 2786 modo,
993 2713 1064 2788 quo
1080 2691 1228 2790 integre
1246 2700 1378 2789 partes,
1402 2693 1538 2766 moveri
1556 2690 1722 2764 dicuntur
1748 2683 1985 2787 (Schrank

167 2824 258 2899 iiber
284 2823 341 2898 die
368 2823 618 2902 0scillatorien
645 2852 679 2925 p.
706 2823 774 2923 o),
803 2834 838 2899 et
855 2823 946 2898 idem
965 2825 1039 2900 lere
1057 2823 1253 2900 secundum
1272 2849 1324 2922 ea,
1344 2851 1422 2925 quae
1450 2824 1652 2904 Scherer
1669 2821 1985 2925 (Ablandlungen

168 2957 233 3033 der
257 2957 481 3036 bdlrmischen
509 2958 752 3038 Gesellsclralt
777 2958 842 3033 der
866 2958 1185 3036 Wissenschaltcn
1219 2960 1283 3034 auf
1313 2960 1378 3034 das
1402 2960 1494 3036 Jahr
1526 2959 1639 3036 lreo.
1672 2960 1707 3035 4.
1733 2946 1765 3059 p.
1790 2955 1901 3055 259.)
1928 2968 1985 3032 est

166 3107 351 3195 expertus,
378 3118 565 3195 corporum
591 3120 623 3194 q.
649 3093 1362 3194 d.cl1cmicorumreagcntiumedectus
1387 3119 1471 3172 osae
1496 3094 1657 3193 videtur,
1684 3118 1765 3170 cum
1796 3093 1831 3166 in
1859 3089 1985 3168 Osoil·

166 3229 324 3326 lotorias,
351 3241 427 3304 tum
452 3231 634 3307 inmotum
661 3230 861 3305 animalium
886 3230 1129 3308 vibratorium.
1180 3228 1531 3330 'l'amenutriusque
1554 3232 1608 3307 rei
1625 3229 1788 3325 indolem,
1816 3227 1984 3303 celerita·
2077 3242 2080 3249 ·

165 3377 249 3460 tem,
275 3363 497 3439 durationem
523 3365 568 3442 al.
593 3366 807 3465 permultum
833 3364 973 3439 differre
999 3389 1068 3441 non
1094 3389 1278 3466 negamus.
1329 3366 1461 3465 Neque
1495 3378 1612 3442 autem
1647 3336 1899 3462 identitatem,¹
1918 3360 1982 3437 sed

165 3511 327 3576 naturam
353 3501 540 3602 analogum
566 3525 608 3575 ac
633 3499 793 3581 similemv
809 3498 1040 3577 defendimus

312 3635 482 3736 Denique
498 3634 587 3710 illud
605 3646 722 3711 motus
738 3658 867 3736 genus,
886 3635 1196 3712 observationibus
1213 3662 1234 3711 a
1252 3633 1540 3734 RoblBrown,
1560 3634 1852 3736 Brongniart,
1871 3632 1983 3707 Mir-

163 3768 254 3867 bel,
299 3766 504 3869 Cossini,
548 3769 800 3866 Schultze,
833 3769 1002 3870 Meyen
1030 3771 1075 3848 al.
1100 3772 1273 3847 institutis
1301 3774 1480 3872 cognitum
1507 3796 1550 3845 ao
1584 3780 1830 3870 perspectum,
1875 3766 1981 3868 quod,

163 3905 319 4004 quumin
346 3908 501 3981 omnium
526 3907 600 3979 lore
626 3928 814 4004 corporum
840 3906 1000 4004 partibus
1026 3907 1179 3983 minimis
1204 3905 1380 4005 discretis,
1407 3904 1516 3981 fluido
1543 3905 1649 3981 alicui
1668 3904 1856 4000 immersis,
1883 3903 1980 4000 insit,

162 4038 378 4116 moleculare
404 4039 524 4116 dicere
549 4051 815 4115 consueverunt
832 4039 917 4116 Viri
943 4040 1037 4116 docti
1064 4053 1100 4115 et
1117 4041 1289 4138 illustres,
1317 4065 1398 4116 cum
1423 4052 1522 4114 motu
1547 4040 1609 4116 illo
1626 4039 1822 4115 vibratorio
1848 4062 1893 4114 ue
1910 4038 1980 4114 mi-

162 4174 292 4251 nimam
314 4173 456 4273 quidem
477 4185 612 4249 natura.
636 4187 742 4271 atque
767 4174 895 4250 indolis
913 4175 1111 4277 analogiam
1125 4175 1294 4251 exhibere
1311 4200 1377 4251 uec
1401 4176 1484 4273 inde
1502 4175 1697 4274 comparari
1715 4199 1834 4273 posse,
1853 4182 1982 4273 sponte

160 4309 289 4387 elucet.
340 4307 468 4409 Itaque
494 4307 742 4409 phaenomenon
769 4323 929 4386 nostrum
954 4311 1138 4410 singulare
1165 4311 1338 4409 quoddam
1373 4336 1456 4388 esse
1487 4323 1540 4387 tot
1582 4310 1760 4409 tantisque
1794 4308 1981 4386 momentis

159 4445 353 4540 excellens,
383 4456 422 4519 ut
447 4469 526 4520 cum
554 4469 605 4543 re,
633 4468 710 4543 quac
736 4445 771 4517 in
798 4444 930 4545 plantis
957 4445 1014 4520 vel
1033 4447 1243 4544 corporibus
1259 4430 1486 4546 inorganicis
1509 4448 1718 4545 reperiatur,
1742 4447 1812 4521 alia
1838 4457 1874 4520 et
1891 4466 1980 4519 oon·

160 4579 245 4656 ferri
272 4579 375 4679 plane
401 4590 553 4679 nequeat
580 4592 616 4661 et
641 4581 837 4677 comparari
863 4591 996 4654 tontum
1022 4581 1228 4679 minoribus,
1255 4583 1308 4656 rei
1351 4594 1457 4683 caput
1483 4607 1552 4657 nou
1586 4581 1825 4684 tongent-ibus,
1852 4579 1977 4679 possit,

160 4738 237 4812 quae
263 4713 428 4814 diximus,
455 4717 570 4793 omnia
595 4715 677 4792 luce
702 4713 835 4790 clarius
862 4712 1101 4791 demonstrant
1127 4740 1169 4790 ac
1193 4717 1352 4815 probant.

863 4996 1270 5012 m
