4688 6038
948 510 951 517 ’
1067 558 1272 635 -71--
1490 640 1492 645 .

1105 747 1138 829 v.
1164 745 1245 825 ao·
1417 693 1420 698 ’
1818 688 1909 865 θ,

406 875 466 965 De
493 877 639 978 frigoris
665 877 802 952 intlaxu
826 879 945 953 minus
971 889 1070 954 certa
1096 879 1238 956 edicere
1265 903 1468 980 possumus.
1519 882 1760 958 Mammalium
1806 896 1841 960 et
1879 889 1996 962 avium
2024 889 2084 964 vi·

254 1011 391 1087 bration
568 1014 642 1088 erie
669 1011 864 1112 aquae10⁰
891 1014 939 1090 R.
966 1018 1178 1113 perdurant,
1206 1013 1248 1090 5⁰
1277 1016 1323 1093 R.
1365 1018 1508 1095 sistunt.
1566 1016 1841 1116 Ampbibiorum
1869 966 2081 1107 *mbranae

254 1102 425 1248 tefftrie
560 1140 914 1226 ‚vehementissime
932 1149 1046 1224 adbuc
1064 1152 1216 1227 vibrant.
1267 1151 1350 1227 Nec
1376 1165 1507 1226 motum
1543 1152 1707 1228 desinere
1734 1154 1888 1231 vidimus
1914 1159 1948 1232 in
1975 1160 2088 1234 unios

255 1284 360 1358 uibus
386 1295 422 1356 et
449 1259 713 1361 anadontiffl
734 1308 826 1382 aqua
851 1288 1034 1383 temperiei
1059 1276 1208 1364 obsite
1236 1289 1357 1362 enive
1383 1287 1567 1396 desumus,
1596 1302 1635 1362 ut
1653 1291 1877 1387 superiorum
1918 1293 2080 1391 ordinum

257 1419 421 1492 animalia
446 1422 618 1495 minorem
642 1420 787 1521 frigoris
812 1419 975 1519 gradum,
1003 1420 1208 1498 inferiorum
1234 1421 1395 1497 ordinum
1422 1425 1588 1521 majorem
1615 1424 1773 1522 perferre
1799 1449 1908 1524 posse
1931 1427 2081 1504 eluceat.
2164 1479 2168 1487 -

256 1550 339 1645 Ono
364 1556 482 1655 magis
507 1554 635 1630 animal
663 1554 791 1630 bomini
817 1554 955 1631 accedit
980 1556 1040 1630 vel
1068 1559 1111 1632 ab
1138 1582 1182 1633 eo
1208 1570 1431 1655 removetur,
1472 1581 1515 1632 eo
1540 1559 1656 1659 magis
1681 1560 1874 1657 majoribus
1899 1563 2080 1660 temperiei

256 1687 440 1789 gradibus,
469 1700 510 1768 ut
536 1690 664 1788 vibret,
693 1714 802 1792 egere
827 1693 1030 1768 membrana
1057 1694 1136 1791 ejus
1161 1693 1307 1768 vibrans
1334 1692 1487 1769 videtur.

1015 1960 1034 1997 ⁴
1116 1967 1150 2049 s.
1176 1963 1235 2040 ot.

410 2095 669 2172 Electricitatis
697 2096 767 2170 rim
795 2109 834 2170 ut
862 2121 1133 2198 cognoscamus,
1161 2099 1312 2198 primum
1339 2121 1405 2198 per
1430 2121 1555 2197 aquam
1582 2094 1758 2172 Unionem
1778 2097 1952 2195 pictorum
1978 2099 2082 2174 aliam

258 2231 507 2330 coronantem,
535 2231 662 2307 deiude
690 2256 754 2329 per
779 2230 957 2309 Unionem
984 2232 1088 2308 aliam
1115 2236 1227 2333 ipsam
1253 2234 1363 2308 iotum
1389 2232 1622 2330 electurum,
1666 2233 1791 2306 sensui
1834 2245 1958 2310 nostro
1992 2236 2082 2310 satis
2127 2219 2129 2225 ⁸

259 2392 419 2466 gravem,
447 2367 686 2467 Lugdunensi
714 2368 842 2467 lagena
869 2367 1067 2467 collectum,
1095 2366 1268 2467 misimuS,
1296 2368 1394 2443 nullo
1421 2369 1614 2443 inmotum
1639 2365 1868 2440 vibratorium
1887 2371 2081 2468 conspicuo

259 2503 397 2578 ellectu.
449 2502 577 2601 ltaque
610 2500 854 2578 electricitatis
879 2504 1016 2604 gradus
1041 2506 1241 2581 mediocres
1268 2518 1401 2578 motum
1418 2503 1647 2575 vibratorium
1676 2525 1746 2575 non
1781 2503 1933 2580 turbant.
1984 2504 2082 2611 Fieri

237 2635 364 2713 ‘facile
390 2639 516 2736 possit,
544 2650 583 2713 ut
608 2637 746 2739 gradus
771 2641 935 2737 majores,
965 2641 1083 2715 calore
1109 2652 1226 2736 aucto,
1252 2652 1387 2715 motum
1405 2637 1592 2735 inhibeant,
1612 2636 1706 2736 quod
1725 2639 1983 2737 posterioribus
2002 2641 2083 2739 qui·

219 2865 221 2867 ι
260 2773 409 2849 busdam
436 2774 657 2872 temporibus
683 2774 945 2872 experiundum
974 2785 1095 2850 restat.

1121 3045 1155 3130 S.
1180 3042 1241 3119 82.

410 3175 636 3257 Galvauismi
662 3179 811 3256 effectus
837 3201 906 3254 non
932 3178 1037 3277 aliua,
1065 3202 1169 3280 quam
1195 3176 1400 3273 chemicns,·
1420 3200 1503 3253 esse
1528 3175 1682 3254 videtur.
1733 3171 1824 3269 Oua
1866 3177 2084 3252 instituimus

259 3314 419 3415 periodo
444 3315 481 3389 in
508 3311 665 3392 Gallinae.
687 3313 890 3390 domestice
907 3289 1025 3391 saccis
1044 3316 1204 3390 auriferis
1230 3325 1266 3389 et
1284 3311 1439 3389 Unionis
1465 3312 1640 3411 pictorum
1665 3310 1852 3407 branchiis
1869 3322 1955 3389 tunt
1972 3313 2084 3407 sactu3

260 3475 338 3549 quae
362 3461 523 3549 utraeque
549 3460 671 3549 partes
698 3448 841 3525 easdem
868 3474 1011 3549 semper
1036 3475 1096 3526 res
1122 3449 1427 3545 demonstrarunt,
1472 3457 1512 3522 ut
1556 3447 1600 3522 de
1642 3438 1856 3549 galvanis'ml
1875 3421 2097 3524 'inmotum

260 3585 493 3661 vibratorium
518 3583 655 3659 intluxu
682 3583 765 3660 nibil
793 3585 885 3661 inter
910 3586 1116 3661 vertebrato
1141 3595 1248 3684 atque
1274 3583 1509 3660 evertebrata'
1542 3583 1683 3658 differre
1710 3584 1794 3682 jure
1820 3576 2085 3659 concludamus.

260 3721 521 3796 lllxstruximus
546 3721 649 3796 nobis
676 3720 874 3795 columnam
900 3717 1105 3796 Voltaicam
1131 3721 1278 3821 triginta
1304 3718 1507 3817 duplicibus
1532 3717 1653 3814 discis,
1674 3740 1823 3816 quorum
1847 3717 1981 3821 singuli
2000 3718 2085 3818 poll.
2214 3717 2216 3723 ’

260 3855 384 3957 quadr.
409 3855 476 3936 2¹12
504 3866 682 3953 tenerent,
727 3857 957 3955 compositam
983 3856 1125 3957 filisque
1152 3857 1334 3957 argenteis
1360 3853 1585 3955 galvanicam
1628 3853 1894 3930 electricitatem
1925 3852 1970 3928 ad
1997 3880 2083 3952 par-

259 3991 390 4068 ticulas
415 3989 567 4091 primum
593 3992 776 4066 vibrantes
802 3993 902 4090 ipsas
929 3970 1197 4091 adplicavimus.
1247 3990 1322 4068 Ubi
1349 3988 1525 4088 adplicata
1549 3999 1634 4065 sunt
1666 3987 1743 4086 fila,
1788 3988 1900 4086 illico,
1933 3989 2082 4081 ballolio

261 4129 378 4203 aereis
405 4126 551 4222 exortis,
579 4136 699 4202 motus
725 4124 842 4224 desiit,
868 4129 995 4202 vicinae
1020 4150 1110 4202 vero
1135 4138 1258 4226 partes
1284 4135 1320 4201 et
1346 4126 1522 4225 contigue
1546 4147 1612 4198 neo
1638 4124 1761 4221 majori
1786 4147 1853 4199 nec
1870 4124 1995 4201 minori
2013 4150 2081 4200 ve·

254 4263 446 4356 «bumentia,
475 4259 551 4357 sed,
578 4272 620 4333 ut
646 4262 869 4359 videbantur,
898 4263 995 4337 nullo
1021 4262 1127 4337 modo
1152 4263 1301 4338 turbatae
1326 4261 1523 4335 vibrarunt.
1574 4256 1655 4351 Ouo
1683 4257 1775 4332 lacto
1809 4258 1845 4332 in
1872 4285 1963 4358 aqua
1990 4259 2083 4334 alte·
2157 4313 2160 4319 -

262 4422 335 4473 ram
353 4396 562 4497 particulam
580 4398 768 4472 ambeunte
786 4398 845 4472 tila
864 4400 1059 4496 posuimus.
1083 4397 1211 4473 Motus
1229 4398 1339 4471 vivax
1357 4419 1400 4470 eo
1417 4406 1551 4469 tantum
1570 4395 1666 4469 sistit
1684 4393 1763 4470 loco
1781 4406 1817 4469 et
1833 4404 2003 4493 tempore,
2022 4394 2082 4468 ubi
2223 4420 2230 4433 ·

259 4534 365 4609 bulla.
391 4543 505 4609 aerea
530 4534 740 4635 particulam
758 4532 953 4633 adtingunt.
984 4532 1132 4630 Eadem,
1151 4532 1216 4608 sed
1243 4532 1386 4639 lentius,
1405 4532 1543 4630 viginti,
1572 4530 1705 4627 decem,
1725 4530 1880 4629 quinque
1907 4537 1942 4603 et
1968 4528 2083 4603 tribus

260 4668 462 4767 duplicibus
489 4667 600 4744 discis
625 4670 683 4744 uui
710 4668 881 4764 vidimus,
908 4667 1002 4761 unde
1029 4669 1160 4766 ullum,
1204 4677 1332 4766 praeter
1348 4665 1497 4741 localem
1525 4677 1560 4741 et
1586 4663 1780 4741 cbemioum
1805 4665 1841 4739 in
1867 4673 1999 4738 motum
2025 4664 2084 4740 vi·

260 4803 456 4880 bratorium
482 4827 566 4880 esse
592 4803 764 4880 influxum
790 4803 1004 4905 galvanismi
1026 4805 1109 4903 jure
1133 4826 1318 4905 negemus.
