4688 6038
1163 580 1216 597 ..
1239 538 1291 615 ω
1316 583 1368 598 -

1119 724 1328 826 caput
1360 726 1413 811 v.

731 857 801 934 Do
826 870 977 936 motos
1004 859 1254 938 vibratorii
1280 875 1440 939 natura
1465 876 1602 963 atque
1628 864 1790 941 indole.

1213 999 1243 1092 ἕ.
1268 1000 1329 1074 57.

494 1127 629 1229 Operis
655 1132 771 1207 nostri
797 1143 936 1232 partem
962 1131 1119 1230 adimus,
1164 1133 1259 1208 hand
1301 1134 1408 1210 dubie
1439 1133 1678 1210 difficillimam
1715 1138 1936 1236 maximeque
1968 1138 2173 1237 inplicitum,

339 1268 447 1364 eujus
471 1267 742 1367 investigationi
769 1293 982 1373 quemquam
1008 1293 1076 1344 nos
1101 1269 1210 1369 longe
1235 1270 1425 1370 plurimum
1451 1269 1584 1347 laboris
1610 1297 1652 1346 ae
1684 1272 1794 1348 studii
1829 1273 2081 1372 impendimus,
2119 1288 2176 1348 ta-

339 1426 419 1476 men
446 1428 520 1479 non
546 1402 667 1478 solum
694 1427 770 1477 rem
796 1385 843 1479 ab'
868 1407 961 1480 omni
989 1405 1114 1504 proonl
1142 1403 1249 1479 dnbio
1276 1408 1454 1504 posuisse,
1481 1406 1548 1481 sed
1575 1409 1749 1505 permulta
1767 1412 1863 1483 votis
1882 1411 2014 1484 nostris
2041 1424 2176 1484 remota

340 1537 533 1637 reliquisse
560 1563 628 1614 nos
656 1541 814 1640 ingenue
840 1543 1001 1616 latemur.
1053 1539 1187 1640 Neque
1213 1557 1343 1639 autem,
1371 1543 1416 1617 la.
1435 1542 1488 1638 B,
1518 1566 1561 1616 ne
1588 1545 1828 1642 reprehendas
1854 1546 1912 1618 rel
1932 1544 2069 1643 culpes,
2098 1547 2176 1641 jure

338 1676 518 1751 timemus,
569 1675 643 1750 Rei
669 1677 762 1749 enirn
788 1678 948 1750 minutiis
973 1688 1027 1750 tot
1052 1680 1242 1777 tantisque,
1271 1677 1540 1753 difficultatibus
1573 1678 1662 1753 adeo
1697 1683 1918 1779 permagniS,
1955 1696 1994 1755 ut
2030 1693 2175 1753 antece-

338 1812 500 1887 dentium
526 1812 801 1888 observatorum
828 1813 1015 1912 permulti,
1049 1837 1261 1911 quamquam
1288 1813 1429 1887 adsidui
1472 1830 1508 1887 et
1536 1815 1569 1888 in
1596 1816 1705 1889 rebus
1731 1816 1989 1916 investigandis
2016 1818 2145 1914 per-tim

338 1972 402 2023 res
422 1970 490 2021 neo
511 1949 668 2050 impigri,
696 1948 909 2049 longissime
935 1973 956 2021 a
980 1961 1076 2021 meta
1102 1948 1230 2047 absint,
1258 1951 1361 2023 nobis
1388 1973 1456 2023 non
1483 1951 1598 2023 omnia
1616 1973 1662 2024 ex
1688 1953 1781 2025 omni
1808 1964 1909 2051 parte
1928 1953 2104 2049 explicatu

339 2082 427 2183 quid
454 2082 536 2159 inde
563 2079 776 2184 opprobriill
802 2084 887 2184 qnid
913 2086 1000 2157 irrel
1043 2080 1160 2180 Sunt,
1188 2110 1266 2183 qne
1288 2091 1399 2159 aciem
1425 2085 1620 2180 oculorum,
1648 2088 1789 2184 optimis
1816 2100 2028 2160 armatorum
2055 2114 2066 2131 ·

336 2221 488 2320 lugiunt,
503 2244 622 2321 neque
636 2222 772 2321 ingenii
784 2220 849 2294 ulli
876 2221 1040 2317 acumini,
1068 2221 1199 2293 mentis
1224 2224 1469 2320 sagacissime
1496 2220 1558 2293 nlli
1586 2221 1696 2295 labori
1724 2235 1759 2297 et
1784 2222 1903 2297 studio
1930 2223 2013 2323 sed(

334 2357 480 2431 nemine
506 2379 577 2432 nos
601 2357 763 2433 homines
788 2379 910 2456 posse,
937 2355 1119 2429 latendum
1144 2356 1274 2430 melius
1301 2359 1365 2454 sit,
1394 2381 1497 2455 quam
1528 2355 1577 2457 hy
1604 2356 1777 2430 othesium
1821 2359 1998 2457 farragine

338 2490 400 2569 rel
427 2494 574 2593 corrigi.
625 2488 745 2591 liujus
770 2491 918 2591 generis
944 2504 981 2565 et
1007 2505 1128 2565 motus
1153 2491 1252 2566 illius
1278 2493 1461 2566 vibratorii
1488 2468 1571 2565 iudo
1668 2515 1761 2589 esse,
1790 2494 1849 2590 qui
1877 2512 2037 2566 naturam
2055 2520 2085 2591 r,

335 2627 453 2728 edent,
482 2629 731 2705 lubentissime
758 2625 941 2703 oonoedet.
994 2627 1254 2701 Phaenomeoon
1281 2639 1351 2702 tam
1377 2627 1562 2701 mirificum
1590 2639 1732 2726 tamque
1775 2629 1810 2701 in
1854 2630 1946 2702 omni
1973 2628 2173 2702 animalium

335 2780 524 2844 utrumme
549 2788 666 2865 grave
692 2763 803 2839 tantis
828 2761 931 2839 obrui
959 2761 1245 2857 difficultatibus,
1289 2788 1368 2860 qua
1395 2787 1458 2860 pro
1485 2776 1683 2860 temporum
1708 2774 1911 2838 nostrorum
1936 2763 2075 2838 viribus
2109 2766 2173 2838 vix

334 2924 455 3004 noque
480 2924 637 3003 unquam
663 2898 850 2979 solvendae
874 2896 1076 2994 videantur,
1098 2899 1182 2994 jure
1209 2896 1381 2972 dolemus.
1431 2895 1497 2971 An
1524 2900 1673 2972 veroin
1701 2901 1781 2973 aliis
1816 2897 1976 2995 ejusdem
2006 2903 2172 2975 momenti

336 3036 580 3143 moretoin
604 3059 649 3111 ao
674 3035 917 3112 functionibus
943 3032 1066 3107 aliud?
1118 3029 1237 3131 Cujus
1254 3045 1294 3106 ut
1320 3057 1430 3106 unum
1454 3056 1671 3132 moneamus,
1697 3032 1781 3131 quid
1799 3033 1844 3107 de
1861 3035 2069 3133 systematis
2087 3059 2174 3108 ner-

336 3175 417 3253 vosi
445 3185 577 3252 tratura
601 3173 766 3250 eoimnsl
792 3168 878 3270 quid
905 3169 1113 3244 nescimus?
1165 3168 1276 3242 Fines
1301 3181 1388 3243 sunt
1414 3193 1482 3242 non
1510 3184 1581 3242 tam
1607 3168 1800 3269 diligentiae
1817 3170 2040 3270 singulorum
2059 3170 2172 3246 homi-

336 3334 433 3407 nurn,
459 3308 527 3387 ned
554 3307 685 3389 indolis
712 3320 748 3384 et
775 3307 811 3382 in
839 3306 933 3381 omni
960 3316 1087 3379 natura
1113 3316 1236 3379 nostra
1262 3304 1370 3404 positi
1396 3303 1542 3404 ingenii.

1210 3576 1239 3668 §.
1265 3573 1327 3650 58.

490 3715 585 3813 Quor
610 3715 657 3792 de
683 3725 804 3791 motus
830 3713 1015 3789 vibratorii
1043 3723 1171 3786 natura
1198 3722 1306 3808 atque
1330 3708 1450 3784 indole
1476 3706 1638 3809 dicimus,
1667 3734 1709 3785 ea
1735 3712 1813 3786 sola
1831 3736 1852 3784 e
1870 3730 1992 3786 nostra
2015 3712 2173 3809 ipsorum

335 3854 561 3957 nummis
586 3874 630 3929 st
657 3851 944 3953 perserutatioue
969 3848 1097 3923 inusta
1124 3869 1208 3922 esse
1225 3843 1330 3919 facile
1347 3843 1498 3919 videbis.
1547 3842 1719 3921 Aliorum
1736 3847 1944 3922 commentis
1968 3846 2024 3922 hio
2040 3870 2173 3946 super-

334 3987 520 4090 umus,
548 4004 625 4067 tout
650 3985 748 4089 quood
774 4010 822 4061 ex
849 3998 950 4086 parte
977 4009 1019 4058 ea
1039 3985 1115 4081 jem
1141 3976 1238 4080 Cap.
1262 3981 1298 4056 2.
1324 3979 1524 4076 retulimus,
1550 3990 1627 4078 tum
1653 3979 1748 4080 quod
1764 3982 1843 4080 ipsa
1877 3981 2048 4057 salsorum
2073 3983 2174 4058 relu-

334 4125 426 4205 mo
449 4147 498 4202 et
524 4139 649 4204 uentre
674 4123 902 4225 expositione
927 4131 1056 4219 sponte
1074 4129 1224 4192 emanet.
1275 4113 1373 4188 Nam
1397 4116 1432 4189 in
1459 4116 1553 4189 omni
1580 4139 1698 4190 rerum
1726 4128 1853 4190 natura
1878 4140 1987 4214 quum
2013 4142 2066 4214 ea,
2095 4143 2174 4216 que¹

333 4260 382 4341 bt
406 4261 667 4365 apartments
693 4269 861 4355 tracum,
888 4257 986 4331 litem
1009 4278 1082 4328 non
1110 4252 1295 4327 admittunt
1321 4251 1507 4349 omnisque
1532 4250 1568 4323 in
1595 4251 1641 4324 iis
1665 4249 1844 4326 dissensio
1870 4275 1939 4325 non
1965 4265 2037 4326 tum
2063 4255 2175 4327 inre-

333 4398 414 4497 lnu,
440 4419 548 4501 mm
575 4397 612 4473 iu
638 4394 867 4496 captatoribus
892 4392 941 4467 sit
967 4391 1094 4490 posita,
1114 4411 1211 4461 verre
1228 4387 1449 4484 sinceraeque
1467 4387 1697 4486 experientiae
1715 4387 1893 4487 expositio
1910 4389 2174 4463 contrariaex·

333 4535 531 4639 ΝΜ
556 4531 741 4633 {sumpse
766 4528 966 4607 antemius
991 4526 1125 4624 optime
1150 4521 1281 4598 refellit
1307 4545 1350 4596 ae
1376 4519 1572 4621 redarguit.

1226 4792 1325 4869 .59.

485 4940 608 5046 Anne
633 4935 793 5019 desitus
819 4933 989 5011 exeitmio
1014 4941 1134 5006 motus
1160 4794 1381 5005 villratorins
1407 4927 1451 5003 ab
1477 4927 1721 5021 observatore,
1750 4927 1914 5024 quamvis
1931 4928 2050 5003 minus
2067 4937 2174 5004 ceutd

326 5096 437 5185 m
461 5080 680 5178 emdteto,
708 5074 860 5180 prim
886 5067 1126 5169 dignoeeitur.
1175 5063 1275 5140 Nom
1299 5061 1498 5140 seeundum
1524 5060 1753 5159 soperfieiem
1779 5062 1964 5159 particule
1996 5062 2173 5138 vibrantis

321 5214 472 5299 uum
515 5214 705 5299 emim
738 5208 862 5313 niori
894 5204 1072 5283 niarnive
1105 5199 1300 5296 delabitur3
1345 5223 1450 5298 quem
1482 5220 1643 5295 eorsum
1676 5218 1785 5296 quum
1809 5221 1936 5298 margo
1962 5197 2174 5298 plerunque
