4688 6038
202 738 248 793 no
275 714 505 809 disserentes,
533 735 568 790 r.
594 734 625 790 c.
651 705 875 809 Gavolini,
903 707 1060 808 Graut,
1093 711 1140 790 s.
1166 711 1213 789 ll.
1239 709 1428 813 Weber,
1464 711 1678 816 Sbarrey,
1709 715 1810 795 Jou
1840 717 2024 817 Molles,

200 850 361 953 Meyer
396 849 439 927 ol.
500 847 635 923 'l'ameu
671 849 730 948 qui
767 846 975 946 completam
1010 846 1116 947 hujus
1154 851 1206 923 rei
1248 847 1430 923 historiam
1471 851 1634 945 evolvat,
1672 852 1851 948 reperitur
1891 855 2025 938 nullus.

200 986 330 1089 Opous
358 989 468 1085 igitur
494 988 540 1059 sit
569 986 729 1084 pretium,
759 1008 835 1082 qum
862 982 956 1057 dicte
977 985 1050 1083 jam
1077 986 1148 1058 sirit
1175 984 1376 1082 traditaque
1403 985 1565 1081 abaliis,
1593 1009 1746 1081 mouere,
1775 1012 1843 1062 non
1865 991 2024 1090 singulis

198 1122 342 1228 quidem
371 1123 486 1221 iisque
513 1120 760 1196 minutissimis
786 1121 982 1216 momentis,
1011 1135 1050 1194 ut
1077 1145 1157 1193 cum
1185 1120 1389 1218 pulvisculo
1418 1146 1491 1194 rem
1504 1122 1737 1218 excutiamus,
1766 1122 1861 1222 quod
1888 1126 2024 1201 etlou-

197 1284 283 1365 gum
311 1262 357 1333 sit
385 1272 420 1333 et
447 1276 764 1357 supervacaneum,
793 1255 858 1329 sed
885 1258 1066 1352 concinne,
1095 1272 1176 1355 apte
1204 1270 1310 1355 atque
1336 1257 1505 1351 ordinate,
1534 1258 1763 1355 gravioribus
1790 1273 1928 1334 tautum
1953 1261 2023 1337 ob·

196 1397 445 1474 servatoribus
487 1405 522 1467 et
565 1391 874 1466 observationibus
916 1374 1113 1466 laudandis.
1170 1390 1254 1465 Nec
1294 1391 1459 1491 singulos
1485 1391 1649 1467 Naturae
1690 1407 1914 1470 scrutatores
1951 1420 2021 1472 uo-

194 1532 423 1625 miuabimus,
459 1530 517 1627 qui
553 1542 684 1602 nrtttum
730 1527 960 1602 vibraturium
994 1529 1027 1601 in
1066 1528 1264 1622 inlusoriis,
1300 1527 1462 1626 polypis,
1497 1526 1657 1601 medusis
1693 1530 1737 1604 al.
1778 1530 2022 1611 tradidissent.

195 1668 275 1747 llus
302 1671 394 1743 etnim
422 1666 612 1739 relationes
640 1664 718 1737 lriuc
746 1663 827 1737 iude
854 1674 990 1736 teritum
1017 1664 1247 1762 proferemus,
1284 1663 1316 1736 ei
1345 1664 1404 1736 uni
1431 1662 1654 1737 solummodo
1681 1664 1844 1762 studiosi,
1873 1678 1914 1740 ut
1939 1692 2020 1743 mo-

193 1820 255 1884 tus
282 1803 464 1877 vibraturii
494 1802 642 1900 primum
670 1801 770 1899 quusi
806 1797 1021 1871 detectorem
1056 1810 1091 1873 et
1123 1797 1304 1871 doctorem
1335 1799 1369 1870 iu
1403 1799 1494 1871 omui
1530 1800 1651 1895 specie
1686 1773 1947 1901 cognoscamus
1983 1815 2020 1878 et

194 1942 397 2023 doceamur.
447 1935 713 2036 [Phrenomeuon
759 1935 867 2029 euim,
908 1936 1071 2032 quemvis
1105 1934 1326 2006 notissimum
1367 1935 1414 2006 sit
1455 1935 1679 2032 meximeque
1723 1938 1860 2035 tritum,
1900 1950 2019 2014 tamen

192 2078 230 2157 in
273 2070 461 2150 arrodoutis
505 2070 703 2145 secuudum
748 2093 869 2143 omues
913 2069 987 2142 lere
1038 2069 1194 2143 rationes
1235 2077 1315 2141 onte
1355 2067 1527 2141 seculare
1568 2083 1709 2167 tempus
1752 2097 1833 2147 cum
1874 2072 2018 2153 dimidio

191 2178 307 2291 luisse
343 2220 569 2308 perspectum
605 2194 771 2304 ignorare
813 2203 980 2277 videntur·
1021 2203 1179 2278 homines
1224 2202 1316 2276 docti
1353 2201 1553 2300 eruditique
1588 2205 1747 2306 plurimi,
1785 2207 1829 2284 de
1863 2234 1934 2307 qus
1975 2233 2017 2285 re

189 2346 309 2423 fusius
344 2345 441 2443 loqui
475 2342 631 2417 inferiori
668 2339 818 2439 quodam
854 2338 933 2412 loco
967 2341 1083 2437 magis
1118 2339 1165 2411 sit
1199 2350 1328 2435 aptum.

1052 2610 1085 2691 §-
1119 2607 1153 2682 5.

340 2751 466 2826 Mente
502 2771 545 2821 ar.
580 2746 796 2844 rogitatione
831 2741 986 2842 siugulis
1021 2743 1183 2817 omnibus
1219 2744 1423 2840 perpensis,
1461 2756 1627 2842 quattuor
1652 2749 1849 2843 posuimus·
1872 2761 2012 2851 tempo·

189 2915 268 2966 rum
301 2914 372 2964 uou
407 2898 477 2958 tam
513 2880 690 2982 periodos,
727 2905 832 2977 quam
866 2881 992 2974 series,
1030 2900 1178 2975 querum
1213 2875 1344 2950 limites
1378 2880 1587 2977 terminique
1622 2879 1656 2955 bi
1690 2895 1792 2957 suut:

342 3020 512 3099 Series
548 3017 577 3093 l.
630 3013 719 3089 lude
763 3042 783 3089 a
828 3016 950 3113 primis
994 3011 1231 3109 temporibus,
1291 3036 1361 3107 quo
1405 3030 1523 3088 motus
1566 3016 1782 3093 vibrutorius
1824 3017 1915 3095 bene
1963 3025 2012 3099 sit

185 3162 365 3262 cognitus,
400 3155 446 3230 ad
480 3179 560 3229 eam
592 3164 741 3244 statem,
785 3174 854 3247 qua
889 3164 1006 3220 motus
1042 3171 1190 3221 ovorum
1227 3170 1273 3218 ex
1307 3148 1450 3248 polypis
1483 3153 1682 3248 genitorum
1719 3153 1846 3228 luisset
1881 3156 2010 3233 obser-

185 3314 304 3374 vatus
346 3294 388 3370 A
423 3290 540 3364 lleide
574 3286 621 3363 ad
655 3284 835 3359 Ellisium.
871 3280 1148 3355 lost-1755.
1973 3318 2021 3411 ‘-

337 3429 506 3508 Series
542 3423 591 3498 ll.
642 3419 708 3495 Ab
743 3419 808 3494 boc
843 3437 1002 3514 tempore
1038 3414 1081 3489 ad
1116 3432 1250 3489 motum
1292 3419 1523 3495 vibratorium
1565 3423 1601 3495 iu
1635 3423 1936 3524 vertebratorum,
1972 3442 2010 3506 et

182 3570 443 3647 batntbiorum
478 3561 621 3663 quidem
656 3558 780 3633 larvis.
816 3554 1005 3628 detectum.
1056 3549 1120 3624 Ab
1155 3548 1289 3628 Ellisio
1323 3554 1368 3629 ad
1404 3552 1686 3634 Steiubuobium.
1726 3558 2009 3643 1755-1802,

335 3701 505 3779 Series
540 3695 611 3771 lll.
665 3691 754 3767 lude
788 3689 833 3764 ad
867 3706 1000 3763 motum
1036 3688 1268 3760 vibratorium
1311 3704 1488 3790 tamquam
1532 3692 1779 3792 pbaeuomeuou
1821 3722 2009 3778 commune

180 3843 448 3944 amphibiorum.
467 3837 587 3909 avium
605 3850 640 3906 et
658 3827 893 3903 nammalium
911 3822 1100 3896 detectum.
1133 3819 1173 3894 A
1193 3819 1427 3900 Steiuburhio
1444 3826 1488 3901 ad
1508 3830 1701 3929 nosipsos
1726 3829 2008 3914 loos—1834,

331 3975 503 4057 Series
539 3964 612 4043 lv.
665 3964 754 4039 lude
787 3962 833 4039 ad
867 3984 972 4035 nuuc.
1009 3983 1080 4057 quo
1114 3959 1315 4057 scribimus,
1351 3967 1531 4062 temporis,
1548 4004 1600 4021 .-

771 4233 1091 4329 'l'eutporun
1133 4225 1343 4306 Series
1386 4233 1416 4309 l.

868 4367 937 4440 De
963 4363 1313 4443 Heius-Ellis

955 4499 1236 4576 loss-1⁷55.

1041 4636 1138 4720 Η.

1010 4769 1160 4848 less.

883 4907 977 4982 lle
1037 4906 1298 4983 lleide.

303 5065 416 5145 ..Asu
459 5058 506 5135 dr
538 5045 660 5131 liei-le
694 5038 903 5143 (mo-e
936 5044 1064 5141 aprili
1099 5041 1212 5117 less
1245 5043 1282 5119 8,
1317 5064 1353 5119 ρ(
1388 5045 1650 5146 Emi-m
1683 5049 1781 5126 dm
1812 5054 2004 5152 ψ

167 5183 748 5303 mmm-omes
789 5177 1307 5281 mhi-luimus
1377 5180 2002 5280 summussos-„024
