4688 6038
1068 459 1308 597 ..ro-³³

256 709 326 792 cito
352 712 549 788 exhibeant.
600 710 811 810 imperfecta
838 735 926 786 vero
954 711 1193 785 exsiccatione
1220 718 1413 807 presente,
1457 684 1639 807 particula
1671 706 1771 805 plns,
1816 730 1919 808 quam
1953 710 2074 808 trapi·

256 851 348 927 dinis
375 847 524 924 latitudo
549 860 616 943 est,
644 872 745 945 aqua
770 848 923 922 retinent
948 869 1097 944 eamque
1123 845 1167 920 ob
1195 867 1365 919 caussam
1383 854 1482 917 motu
1507 867 1670 918 snonon
1697 832 1900 920 turbantffl
1989 907 1992 911 ,

1003 1112 1214 1213 caput
1255 1111 1341 1194 12.

276 1307 278 1313 »
350 1252 413 1326 De
440 1249 687 1325 fluidorum
714 1251 961 1325 animalium
989 1251 1304 1350 organicorum
1330 1250 1373 1324 in
1408 1260 1565 1322 motum
1599 1248 1903 1332 vibratorium
1939 1252 1993 1326 vi.

1119 1385 1147 1477 §-
1175 1382 1234 1459 93.
1721 1473 1723 1477 ,
2104 1472 2107 1479 .

409 1517 550 1615 Fluida,
579 1518 709 1618 quibus
733 1521 770 1593 in
796 1520 1049 1617 experimentis
1075 1520 1132 1594 usi
1158 1541 1295 1614 sumus,
1322 1529 1407 1592 sunt
1432 1518 1593 1618 sanguis,
1621 1517 1755 1614 lotium,
1771 1518 1850 1615 nel,
1877 1517 1943 1618 lae,
1971 1521 2075 1597 albu·

256 1681 336 1732 meo
364 1666 401 1731 et
426 1654 588 1729 vitellum
613 1655 649 1727 in
674 1657 755 1729 ovis
781 1651 934 1732 Gallina
960 1655 1161 1737 domestice
1186 1653 1374 1728 inclusum.
1629 1699 1634 1718 ‚
1963 1668 2027 1763 ⁴·

395 1788 599 1865 *lirandus
625 1801 661 1864 et
686 1787 787 1865 utilis
813 1789 961 1868 effectos
986 1803 1043 1865 est
1070 1790 1268 1889 sanguinis,
1313 1810 1418 1886 quem
1459 1786 1552 1861 inter
1577 1811 1639 1863 res
1662 1801 1795 1863 motum
1824 1801 2079 1865 conservantes

256 1927 293 2000 iu
319 1926 492 2024 principio
518 1925 638 2000 locare
663 1949 732 2000 non
759 1925 971 2021 dubitamus,
1000 1950 1107 2023 quum
1133 1914 1367 1998 mammalium
1394 1934 1430 1996 et
1454 1923 1573 1997 avium
1596 1924 1815 2000 vibrationes
1832 1950 1897 2024 per
1922 1925 2077 2001 triduam

151 2124 156 2131 .
260 2083 393 2160 easque
419 2059 673 2158 amphibiorum
700 2084 764 2159 per
790 2059 1014 2160 quatriduum
1041 2062 1203 2159 retineat.
1253 2055 1323 2137 cui
1351 2059 1403 2132 rei
1434 2060 1600 2155 optimum
1628 2062 1825 2158 reperimus
1854 2063 2078 2160 sangninem,

260 2220 304 2270 ne
332 2194 510 2295 coagulet,
538 2220 754 2270 concussum·
778 2197 838 2269 vel
863 2219 985 2270 serum
1011 2197 1198 2293 sanguinis
1224 2219 1245 2267 a
1272 2192 1433 2291 placenta
1459 2192 1665 2292 discretum,
1693 2171 1856 2291 quamvis
1881 2195 2080 2293 placenta!

260 2332 373 2428 ipsam
417 2329 539 2405 eadem
572 2329 634 2402 illa
668 2332 726 2404 vis
753 2332 1000 2406 conservatrix
1026 2329 1124 2404 nullo
1151 2330 1254 2404 modo
1280 2329 1406 2427 fugere
1433 2327 1608 2404 videatur.
1658 2327 1725 2406 Sic
1757 2352 1807 2423 err
1836 2353 1891 2430 gr.
1925 2331 2080 2406 cuniculi

261 2465 416 2561 trachea,
444 2466 548 2563 cujus
574 2491 658 2564 pars
685 2468 721 2540 in
748 2489 839 2563 aqna
864 2464 1043 2539 destillata
1070 2478 1216 2561 retenta,
1245 2487 1308 2562 per
1327 2462 1446 2537 horam
1464 2464 1629 2561 vibravit,
1656 2466 1886 2566 insanguine
1904 2480 2080 2542 concusso

261 2624 326 2699 per
350 2598 506 2674 triduum
533 2601 815 2675 luculentissime
840 2613 938 2674 motu
964 2611 1020 2675 est
1045 2623 1123 2674 usa.
1165 2599 1324 2673 Maxilla
1350 2622 1444 2672 rana
1468 2599 1654 2695 inferioris,
1682 2602 1785 2698 cujus
1807 2601 1958 2675 alterum
1975 2601 2090 2702 dimi·⁸

263 2734 358 2810 dium
377 2737 411 2809 in
431 2735 509 2810 sola
525 2760 617 2834 aqua
635 2738 697 2809 vix
716 2759 779 2832 per
796 2733 916 2809 horam
944 2760 1023 2810 cum
1049 2734 1192 2810 dimidio
1217 2736 1388 2825 vibraret,
1417 2758 1480 2832 per
1506 2732 1732 2832 quatriduum
1758 2737 1794 2810 in
1820 2759 1903 2811 sero
1928 2739 2080 2836 sangui·

189 2845 193 2854 „
260 2872 317 2944 nis
344 2870 498 2945 cuniculi
527 2882 672 2971 retente
697 2869 877 2944 dimidium
904 2871 1052 2945 alterum
1079 2870 1235 2945 vibravit
1261 2879 1296 2944 et
1322 2893 1353 2946 s.
1379 2869 1425 2967 pl.
1477 2865 1618 2960 Quibus
1644 2869 1796 2970 aliisque
1828 2872 2080 2970 experimentis

261 3005 467 3081 sexcenties
493 3006 653 3104 repetitis
680 3028 722 3080 eo
749 3008 988 3103 pervenimus,
1014 3015 1054 3080 ut
1080 3015 1201 3104 partes
1219 3005 1420 3079 animalium
1436 3004 1709 3080 domesticorum
1744 3020 1908 3081 recenter
1940 3016 2081 3080 macta·

261 3155 378 3216 torum
406 3141 600 3236 vibrantes,
628 3142 712 3239 quin
739 3140 845 3215 soetus
872 3142 910 3215 in
932 3153 1036 3216 utero
1062 3140 1233 3235 inclusos,
1261 3141 1296 3214 in
1322 3141 1498 3240 sangnine
1524 3139 1617 3214 alius
1635 3141 1806 3237 animalis,
1834 3144 1928 3216 atris
1942 3155 2081 3240 tempe·
2222 3208 2225 3214 a

262 3277 314 3351 rie
338 3275 455 3351 media
480 3274 523 3347 8⁰
550 3286 585 3350 et
611 3277 670 3348 via
696 3273 741 3348 ad
766 3299 833 3350 nos
859 3273 1043 3377 perlonga,
1070 3276 1172 3350 nobis
1199 3274 1379 3372 adportari
1399 3275 1618 3373 juberemus
1646 3274 1681 3350 in
1709 3276 1838 3374 quibus
1863 3291 1996 3352 motum
2015 3278 2081 3352 ob·

228 3443 231 3449 ·
261 3433 492 3486 servaremus
519 3411 758 3495 vibratorium.
800 3408 927 3509 Atque
952 3413 1083 3509 optime
1108 3411 1287 3486 successit
1313 3434 1480 3484 conamen
1498 3421 1668 3504 nostrum,
1687 3422 1728 3485 ut
1746 3435 1824 3485 cum
1844 3410 1980 3487 homine
2002 3414 2080 3511 ipso

261 3545 335 3621 haec
360 3545 519 3644 pericula
545 3545 731 3620 instituere
756 3545 980 3643 auderemus,
1009 3545 1208 3648 dequibus
1233 3571 1268 3620 v.
1293 3568 1346 3642 ea,
1374 3570 1462 3645 quae,
1489 3567 1596 3644 quum
1614 3546 1820 3632 novissimis
1836 3558 1970 3622 tantum
1988 3558 2081 3656 temf

262 3681 409 3778 poribus
435 3682 537 3757 nobis
563 3681 757 3779 evenerint,
784 3682 818 3755 in
844 3680 1019 3757 addendis
1045 3681 1251 3757 reseremus.
1413 3657 1416 3661 ,

1120 3953 1153 4036 ς.
1184 3950 1243 4026 vt.
1993 4032 1994 4035 ,

416 4080 616 4184 Sanguinis
641 4086 676 4160 in
702 4097 835 4161 motum
861 4085 1092 4161 vibratorium
1119 4084 1281 4162 ellectum
1307 4093 1495 4184 antequam
1520 4083 1817 4182 derelinquimus,
1862 4084 1966 4160 aliam
1993 4094 2079 4186 pta-

265 4241 439 4318 ponamus
477 4244 551 4294 rem
596 4232 774 4296 remorato
816 4220 1059 4322 dignissimam
1098 4233 1139 4296 et
1173 4222 1273 4310 ¹inter
1314 4221 1466 4319 plurima
1499 4232 1620 4296 nostra
1663 4220 1727 4294 hac
1770 4220 1815 4295 de
1858 4222 2078 4299 needeteetr‘

264 4353 516 4430 maximelere
543 4355 794 4452 admirandam,
823 4356 917 4455 quod
943 4359 1110 4456 sanguis,
1138 4357 1301 4456 quamvis
1326 4379 1496 4430 summanr
1522 4358 1594 4431 vim
1624 4356 1750 4432 habeat
1779 4358 2079 4434 consensionem

264 4500 383 4565 motus
407 4491 592 4566 vibratorii
618 4494 900 4567 vertebratornm
927 4493 1127 4566 animalium
1153 4492 1332 4592 (vidimus
1358 4493 1450 4565 enim
1475 4494 1511 4567 in
1534 4491 1648 4588 Bove,
1668 4487 1760 4590 0ve,
1780 4488 1968 4589 Cuniculo,
1989 4486 2080 4592 Sue,

265 4622 421 4722 Gallina,
449 4622 660 4724 Scolopace,
688 4626 872 4724 Luscinio,
899 4627 1015 4726 Rana,
1042 4626 1193 4723 Bulone,
1220 4625 1362 4726 Elmyde
1387 4625 1471 4723 al),
1516 4602 1718 4703 inmotum
1744 4628 1973 4704 vibratorium
2001 4631 2081 4706 artu

265 4759 409 4839 melium
435 4762 739 4837 evertebratornm
765 4787 801 4839 v.
827 4787 857 4839 c.
882 4760 1174 4858 Anadontarum,
1220 4761 1401 4839 Unionnm
1435 4762 1480 4837 al.
1507 4786 1574 4836 non
1600 4762 1717 4837 solnm
1731 4763 1840 4861 ,nnllo
1867 4744 1914 4837 sit
1940 4763 2079 4862 ellectu,

266 4895 326 4993 qui
352 4893 485 4995 prosit,
529 4896 594 4970 sed
625 4921 801 4972 venenum
818 4900 1003 4997 ‚qnasisit
1029 4897 1391 4993 vehementissimum,
1435 4911 1568 4971 motum
1594 4897 1688 4973 illico
1715 4899 1879 4996 impediat
1906 4913 1942 4972 et
1968 4913 2079 4976 necet.

266 5027 322 5104 Ita
349 5029 476 5130 quodsi
503 5033 711 5129 particulam
737 5057 758 5108 e
783 5032 960 5109 branchiis
987 5033 1185 5127 Umorem,
1227 5031 1500 5110 Anadontarum
1526 5031 1570 5108 al.
1604 5033 1822 5132 desumptam
1850 5048 1910 5108 aut
1937 5037 1970 5109 in
1998 5060 2080 5112 sero
2196 5136 2197 5140 Ἴ

268 5167 453 5266 sanguinis
479 5178 541 5240 aut
567 5167 808 5268 insanguine
830 5192 1008 5247 wocuaso
1032 5191 1099 5245 nec
1125 5168 1328 5270 ooaglutato
1360 5190 1571 5268 posu-us,
1597 5182 1727 5298 motus·
1759 5169 1973 5246 ‘vibratorias
2002 5173 2079 5271 ple-
