4688 6038
244 738 607 839 ¹conglomerationes
630 735 787 834 majores
811 734 902 812 satis
927 735 998 809 cito
1024 733 1313 835 progrediuntur.
1340 731 1480 808 'Plura
1505 733 1552 808 dc
1577 734 1634 809 his
1658 759 1694 811 v.
1719 735 1830 834 inira,
1874 736 1935 814 ubi
1962 738 2007 814 de
2034 739 2095 816 di·
2198 709 2200 713 ,

264 845 421 949 rectione
448 885 482 947 et
508 894 579 946 usu
604 881 724 945 motus
750 870 933 944 vibratorii
960 870 1158 967 loquemur.
1211 869 1447 967 Plerumque
1476 893 1570 969 aqua
1612 869 1691 945 sola
1733 872 1805 948 cito
1838 872 1875 948 in
1901 874 2095 975 superficie

263 1009 472 1085 membranae
499 1007 671 1081 vibrantis
698 1005 867 1082 decurrit.
918 1003 1052 1080 Tamen
1079 1017 1178 1081 motu
1203 1004 1459 1081 vehementiori
1485 1012 1593 1081 ver'as
1613 1008 1696 1082 oriri
1721 1031 1911 1106 corporum
1938 1013 1973 1086 in
2001 1037 2094 1110 aqua

265 1156 508 1220 contentorum
535 1140 649 1216 undas
676 1166 719 1215 ac
745 1142 914 1236 vortices,
941 1141 977 1215 in
1004 1139 1183 1216 branchiis
1207 1142 1379 1216 unionum
1405 1143 1538 1241 sepius
1564 1166 1691 1217 sumus
1717 1147 1866 1242 experti.

1030 1409 1239 1510 capum
1265 1412 1321 1493 8.

268 1604 272 1609 -
414 1547 483 1624 De
508 1561 657 1623 motus
683 1545 932 1621 vibratorii
958 1546 1285 1646 magnitudine,
1321 1546 1568 1621 celeritate
1595 1557 1639 1621 et
1667 1546 1940 1627 directione.

1098 1685 1131 1766 §-
1158 1681 1217 1758 ot.

414 1816 643 1917 Crepidinem
669 1817 896 1891 vibratoriam
923 1839 953 1890 s.
980 1815 1155 1915 sphaeram
1172 1818 1383 1892 membrane
1402 1817 1547 1892 limbum
1566 1819 1764 1893 vibrantem
1783 1843 1965 1918 vocamus,
1985 1844 2090 1919 quem

262 1980 282 2029 ιι
309 1954 532 2053 longitudine
559 1954 720 2027 ciliorum
748 1954 907 2050 ipsorum
934 1949 1085 2049 differre,
1106 1976 1153 2026 ex
1179 1978 1222 2029 eo
1248 1953 1377 2049 elucet,
1404 1952 1499 2050 quod
1526 1953 1607 2027 cilia
1625 1979 1785 2055 persaepe
1802 1958 1996 2030 uncinatim·
2018 1960 2090 2032 sint

262 2089 406 2187 uellera,
435 2103 496 2164 aut
524 2089 666 2186 oblique
694 2087 878 2186 disposita,
907 2101 969 2162 sut
995 2089 1190 2162 undulatim
1209 2102 1400 2185 contracta,
1428 2089 1552 2165 autad
1570 2091 1740 2191 angulum
1759 2090 1910 2187 detlexa,
1939 2104 2113 2192 quorum'

259 2224 443 2324 longitudo
471 2223 652 2322 crepidine
679 2237 734 2297 est
761 2224 880 2321 major.
932 2222 1092 2323 Crepido
1119 2249 1207 2299 vero
1234 2238 1291 2299 est
1315 2227 1424 2300 statui
1444 2225 1494 2298 illi
1514 2227 1893 2325 vivacitatispropria,
1914 2252 1991 2325 qua
2011 2232 2088 2327 ipsa

259 2378 355 2435 certe
383 2360 544 2434 ciliorum
571 2359 793 2459 longitudine
819 2358 996 2434 definitior
1022 2385 1105 2434 esse
1133 2361 1285 2458 videtur,
1314 2363 1477 2459 quamvis
1522 2362 1613 2436 inter
1656 2362 1789 2437 limites
1820 2365 1910 2437 satis
1936 2390 2087 2464 magnos

258 2520 336 2570 eam
362 2497 532 2572 vacillare
561 2494 714 2594 negandi
742 2495 844 2569 nobis
870 2520 939 2570 non
966 2497 1014 2569 sit
1040 2498 1188 2572 animus.
1241 2493 1363 2587 Quare
1406 2497 1442 2570 in
1478 2495 1698 2596 exponendis
1729 2497 1984 2598 magnitudinis
2016 2527 2087 2575 nu-

255 2633 364 2706 meris
390 2632 545 2707 medium
571 2656 716 2729 semper
741 2642 781 2705 nt
808 2655 1098 2731 proponeremus,
1118 2630 1332 2708 studuimus.

407 2765 529 2859 Ouum
554 2778 653 2841 motu
680 2767 873 2842 vibratorio
898 2768 977 2866 ipso
1004 2767 1179 2866 particula
1205 2791 1348 2866 semper
1367 2765 1628 2866 progrediatur,
1648 2791 1723 2841 eam
1742 2769 1910 2844 metiendi
1929 2771 2086 2871 ingressi

253 2927 380 2978 sumus
409 2905 513 2997 viam,
542 2913 594 2998 ut,
620 2903 836 2977 micrometri
863 2903 977 2977 nostri
1004 2902 1064 2977 lilo
1091 2902 1137 2978 ad
1162 2916 1298 2978 certum
1327 2902 1500 3002 quendam
1527 2901 1679 3002 gradum
1703 2902 1786 2999 lixo,
1814 2915 1986 3003 tempore,
2015 2931 2087 3004 quo

255 3039 431 3138 particula
458 3063 522 3138 per
549 3036 585 3111 id
611 3047 780 3131 transeat,
810 3063 914 3137 quam
941 3038 1128 3113 celerrime
1154 3040 1368 3138 crepidinem
1395 3038 1456 3112 lilo
1483 3051 1642 3136 promoto
1659 3040 1883 3134 metiremur3
1910 3064 1980 3138 qua
2006 3045 2086 3118 sola

254 3201 293 3250 re
320 3192 441 3252 certos
469 3200 552 3251 esse
579 3174 684 3249 nobis
713 3173 970 3273 comparandos
997 3188 1188 3273 rectosque
1215 3198 1392 3273 numeros,
1420 3195 1615 3272 persuasos
1642 3199 1711 3249 nos
1735 3172 1914 3252 hahemus
2073 3149 2080 3161 ⁶

788 3281 791 3286 ’
1117 3311 1146 3404 q.
1172 3311 1232 3386 ro.
1965 3302 2007 3373 s

403 3449 613 3547 Insequitur
638 3446 759 3522 tabula
785 3448 974 3547 graviores
1001 3472 1022 3520 a
1047 3447 1153 3521 nohis
1178 3445 1359 3521 institutas
1385 3446 1588 3520 mensiones
1616 3446 1812 3544 explicans.

504 3635 509 3649 .
557 3582 740 3683 Subiectae
766 3596 852 3658 sunt
879 3583 1029 3681 pollices
1055 3581 1294 3657 parisienses,

352 3720 385 3798 1.
411 3718 660 3821 Arctomys
679 3719 872 3815 citillnS,
893 3721 996 3816 cujus
1008 3720 1163 3817 iunioris
1263 3718 1300 3794 2.
1325 3715 1426 3791 Mus
1452 3728 1608 3793 rcttus.

402 3856 563 3932 arrimalis
589 3856 778 3956 longitudo
803 3857 838 3931 8.
865 3856 948 3954 poll.
975 3857 1049 3931 luit.
1369 3877 1400 3929 ιι.
1428 3851 1593 3927 'l'rachca
1879 3854 2085 3947 outoeou.

453 4020 483 4071 a.
509 3990 673 4068 'Praebeo
700 3990 899 4066 immediate
925 3992 1014 4066 infra
1040 3992 1165 4091 laryn-
1367 3989 1401 4066 b.
1420 3985 1575 4088 Septum
1592 3988 1670 4063 nasi
1879 3989 2090 4086 ocdoada.

500 4152 583 4229 gem
964 4126 1168 4225 edocete.
1269 4124 1305 4205 3.
1331 4124 1490 4225 Lepus
1516 4123 2014 4202 cuniculusneonatus.

373 4235 378 4246 ⁹
447 4265 479 4342 b.
510 4262 674 4340 'lh-acheo
709 4288 818 4364 prope
852 4264 963 4339 bron·
1368 4287 1400 4338 a.
1424 4240 1588 4336 'l'rachea
1877 4259 2079 4358 nouom

497 4399 656 4475 chiorum
682 4398 1166 4498 bilu1·cationem0,000227.
1269 4398 1303 4475 4.
1329 4394 1476 4475 cavia
1501 4397 1686 4497 cobaya.

447 4560 475 4612 c.
503 4534 643 4611 bamus
662 4536 907 4613 bronchiorum
929 4537 965 4611 in
1371 4557 1403 4610 a.
1428 4532 1574 4617 Initium
1599 4530 1753 4606 trachea
1879 4529 2083 4628 edocete.

497 4672 596 4748 initio
622 4672 828 4774 pulmonum
860 4674 961 4772 posi·
1366 4668 1400 4746 b.
1426 4650 1589 4730 Medium
1614 4665 1766 4741 trachea
1877 4665 2083 4763 docoszt·

496 4818 557 4884 tus
623 4908 627 4915 ὴ
831 4840 834 4849 ’
964 4806 1166 4906 dococta
1369 4829 1400 4881 c.
1427 4799 1582 4877 Bronchi
1603 4827 1725 4878 ramus
1876 4802 2081 4900 ooooutl.

444 4943 477 5020 d.
505 4941 660 5021 Brocchi
688 4965 773 5043 pars
958 4942 1162 5042 occentu.
1366 4940 1400 5016 d.
1427 4936 1574 5016 Concha
1591 4939 1670 5013 nasi
1877 4938 2083 5038 0,00023.'›.

445 5077 653 5181 alrarynx
960 5079 1162 5173 ooooult,
1265 5077 1300 5155 5.
1327 5076 1617 5152 Bostaurus.

444 5209 750 5289 [Conclamat
955 5212 1159 5293 boeotus.
1364 5237 1395 5289 a.
1421 5210 1582 5286 Medium
1610 5209 1765 5285 trachea
1878 5210 2084 5306 0,00OE54.
