4688 6038
1062 509 1264 586 ..s-2..

254 723 334 774 men
361 721 425 796 pes
451 706 488 771 et
514 706 648 794 venter,
676 697 712 770 in
738 693 868 795 quibus
884 695 1104 789 continetur,
1133 695 1332 770 certissimo
1357 704 1456 770 motu
1481 695 1675 770 vibratorio
1700 694 1872 794 gaudere,
1899 698 2071 774 claustris

135 876 137 880 =
256 833 508 933 experimentis
534 831 730 907 referimus.
782 827 905 906 0vula
930 829 1058 906 deinde
1082 831 1119 906 in
1145 829 1332 909 branchias
1358 829 1485 907 devehi
1511 831 1734 907 notissimum
1761 845 1828 911 est.

557 963 878 1043 Corollarinun

407 1102 505 1178 Fieri
532 1100 635 1177 facile
661 1112 791 1201 potest,
809 1110 849 1174 ut
867 1125 917 1175 ex
936 1099 1058 1176 ordine
1091 1098 1420 1177 Molluscornnr
1462 1111 1670 1202 systema
1720 1100 1967 1178 urinarinnr
2007 1123 2073 1175 se-

256 1238 414 1314 cundum
446 1248 569 1335 nostra
589 1236 732 1311 detecta
761 1235 919 1311 accedat.
970 1230 1157 1335 (laganum
1199 1235 1289 1311 illud
1329 1245 1492 1331 atratum,
1538 1253 1650 1336 prope
1693 1260 1798 1311 anum
1839 1237 2012 1334 positum,
2040 1235 2077 1311 in

255 1373 422 1474 Myaneis
447 1384 485 1447 et
509 1373 633 1446 vesica
659 1370 856 1468 Limacum,
883 1370 1066 1444 sirenum
1091 1370 1331 1448 functionibus
1356 1383 1504 1446 utantur
1522 1367 1604 1470 (Ol.
1631 1367 1777 1448 Carus
1792 1369 1983 1445 Lehrbnch
2008 1369 2077 1446 der

257 1508 373 1608 vergl.
398 1507 595 1581 Zootomie.
619 1507 682 1587 2te
707 1504 807 1582 Aut.
832 1503 945 1580 1834.
967 1504 1005 1580 8.
1031 1503 1099 1583 Bd.
1126 1505 1176 1582 ll.
1202 1534 1235 1606 p.
1262 1505 1334 1581 651
1361 1517 1399 1581 et
1425 1503 1546 1603 732.)
1571 1531 1705 1581 novum
1732 1504 1797 1582 hoc
1822 1519 1983 1609 systema
2006 1505 2077 1581 ad·
2163 1479 2167 1488 ¹

258 1644 343 1718 dere
361 1645 463 1718 nobis
481 1641 575 1717 lieet.
626 1640 680 1717 Ut
698 1642 799 1739 primi
824 1642 918 1714 enim
937 1639 1100 1737 vidimus,
1126 1655 1225 1716 motu
1250 1641 1408 1742 gaudent
1435 1642 1629 1717 vibratorin
1646 1639 1889 1737 velocissimo,-
1915 1641 2077 1738 inprimis

257 1779 426 1854 sacculus
452 1777 515 1853 ille
539 1778 574 1850 iu
601 1800 734 1876 organo
760 1801 790 1852 s.
815 1775 850 1851 d.
875 1776 1030 1850 urinario
1056 1776 1291 1877 Myaceartnn
1316 1789 1505 1854 contentus
1529 1775 1620 1852 adeo
1648 1779 1783 1876 vibrat,
1819 1787 1858 1853 ut
1884 1774 2077 1852 v'etremen·

225 1875 384 1991 'liorem
407 1937 599 2012 numquam
616 1912 833 1986 vidissemus
858 1921 1000 1987 nictum.

1092 2048 1125 2130 S.
1157 2045 1218 2121 48.

411 2181 470 2257 De
497 2183 654 2282 organis,
681 2183 716 2256 iu
743 2183 872 2281 quibus
898 2195 1016 2257 motus
1042 2181 1259 2256 vibratorius
1286 2181 1449 2280 obvenit,
1493 2182 1649 2280 loquuti,
1684 2206 1727 2257 ea
1760 2179 1951 2281 repetenda
1977 2180 2080 2255 nobis

260 2342 343 2392 esse
362 2317 539 2413 videntur,
563 2342 641 2414 qus
659 2340 770 2415 snpra
782 2317 856 2414 jam
882 2341 929 2391 ex
947 2329 1047 2417 parte
1072 2319 1283 2413 monuimus,
1309 2330 1443 2392 motum
1468 2313 1714 2415 vibraturinm,
1738 2318 1901 2416 quamvis
1919 2338 2080 2415 persaepe

255 2454 327 2551 jam
354 2455 401 2528 sit
427 2453 651 2545 observatus,
679 2463 796 2525 tamen
822 2453 1020 2551 sepissime
1046 2451 1161 2529 adbuc
1187 2475 1271 2526 esse
1296 2452 1561 2552 inquirendum,
1605 2454 1767 2552 inprimis
1801 2455 1836 2528 in
1871 2452 2080 2528 animalibus

174 2687 176 2690 Ι
260 2588 416 2683 marinis,
444 2588 620 2686 praecipue
647 2586 899 2680 evertebrntiS,
944 2590 1075 2688 quippe
1097 2612 1185 2687 ,qnae
1219 2588 1326 2686 longe
1360 2588 1514 2688 plurima
1541 2600 1721 2689 praestent.
1772 2587 1901 2688 Itaque
1925 2598 1966 2662 ut
1991 2610 2080 2661 con·

261 2735 419 2821 spectus,
448 2746 552 2821 quem
578 2719 751 2818 dedimus,
779 2720 938 2798 bonoad
966 2725 1136 2797 rationem
1162 2723 1300 2799 lacuatis
1326 2723 1507 2823 replendis
1522 2748 1607 2799 mox
1622 2726 1671 2798 sit
1688 2724 1861 2822 repletus,
1890 2747 1936 2797 ex
1959 2721 2082 2797 intimo

263 2860 376 2933 arrimo
402 2873 567 2956 optamus
594 2868 629 2930 et
655 2880 835 2957 rogamus

1014 3127 1315 3227 ·capnto.

264 3261 559 3338 Evolntiouis
584 3262 879 3338 individualis
905 3276 1048 3339 motus
1074 3264 1316 3340 vibratorii
1343 3265 1497 3341 brevis
1525 3275 1829 3362 conspectus,
1856 3263 1930 3340 cui
1954 3287 2083 3339 acce-

383 3395 444 3470 dit
470 3421 696 3484 excursus
721 3397 773 3472 de
797 3410 916 3479 mota
941 3401 1268 3500 progressorio
1292 3412 1339 3475 et
1361 3400 1593 3479 rotatorio
1627 3424 1806 3477 ovorum
1831 3410 1964 3499 atque

1026 3535 1320 3635 embryonnm.

717 3656 720 3660 ⁵
820 3666 850 3745 1.
874 3666 1161 3745 Animalia
1193 3672 1527 3749 vertebrata

1112 3806 1147 3890 S.
1173 3804 1234 3881 49.

414 3934 590 4038 systema
615 3938 771 4038 genitale
797 3962 867 4013 non
893 3941 986 4015 omni
1012 3949 1171 4038 tempore
1195 3954 1294 4018 motu
1317 3942 1373 4017 uti
1406 3941 1600 4018 vibratorio
1639 3963 1754 4038 supra
1779 3940 1854 4037 jann
1887 3938 2086 4017 retulimus.

236 4061 445 4146 *Nemnis
471 4075 564 4147 enim
590 4073 690 4148 deest
717 4098 783 4149 nec
808 4075 910 4175 prins
953 4074 1125 4172 adparere
1159 4076 1319 4174 videtur,
1365 4101 1469 4176 quam
1512 4076 1640 4152 animal
1670 4074 1885 4150 maturitatis
1911 4072 2088 4173 quendam

208 4245 210 4251 ·
268 4206 420 4306 gradum
444 4208 492 4282 sit
516 4221 668 4293 nactum
720 4206 868 4308 Organa
893 4211 1122 4308 respiratoria
1148 4213 1285 4286 interna
1307 4213 1346 4287 iu
1373 4212 1625 4313 embryonibns
1642 4210 1889 4306 mammalium,
1908 4210 2028 4283 avium
2051 4218 2088 4283 et

270 4340 521 4440 amphibiorum
539 4367 608 4418 ovo
634 4342 783 4419 inclusis
809 4369 877 4419 non
905 4324 1058 4444 vibrare,
1086 4348 1235 4445 primum
1262 4350 1393 4447 opinati
1419 4373 1556 4424 snmus
1608 4346 1917 4447 Inquisiveramns
1934 4343 2024 4420 banc
2042 4345 2088 4420 ob

270 4502 343 4551 reru
371 4478 406 4550 in
431 4478 544 4573 suem,
572 4478 776 4577 columbam,
801 4479 981 4580 gallinam,
1009 4447 1188 4556 baldachia
1215 4484 1270 4580 al,
1299 4497 1414 4560 tamen
1441 4484 1523 4561 cilia
1547 4485 1582 4559 in
1602 4484 1807 4583 embryouis
1824 4481 1995 4556 columbe
2013 4480 2089 4554 sere

272 4612 423 4687 exculte
450 4613 592 4686 trachea
617 4613 754 4688 vidisse
779 4639 845 4689 uos
872 4614 1051 4690 fueramus
1079 4619 1177 4693 certi.
1230 4615 1453 4720 Sanguinem
1477 4643 1566 4693 vero
1599 4620 1753 4692 retinere
1786 4614 1921 4691 diutius
1955 4628 2091 4690 motum

272 4759 458 4846 postquam
479 4745 694 4846 deteximus,
721 4749 953 4825 vibrationem
978 4751 1129 4827 tracbee
1154 4753 1386 4854 embryonum
1411 4753 1647 4830 mammalium
1665 4766 1700 4828 et
1717 4774 1828 4828 nasus
1846 4753 1987 4850 optime,
2006 4773 2091 4824 cer-

273 4881 409 4955 tissime
436 4908 476 4956 no
504 4885 700 4981 sepissime
725 4884 1006 4962 observavimus.
1057 4883 1130 4977 oui
1155 4891 1285 4963 minimi
1320 4889 1426 4965 loetus
1468 4900 1601 4963 motum
1643 4888 1947 4978 demonstrarunt,
1991 4885 2092 4960 suilli

275 5028 375 5090 eraut
401 5016 632 5116 longitudinis
657 5019 773 5117 pollic.
808 5019 967 5098 duorum.
1016 5019 1186 5098 Vidimus
1213 5048 1301 5100 vero
1326 5036 1498 5125 preterea
1523 5024 1560 5097 iu
1587 5022 1840 5122 embryonibus
1866 5021 1980 5116 bovis,
2010 5022 2091 5095 ovis

276 5163 311 5223 et
336 5153 415 5226 suis
440 5154 641 5249 majoribus.
690 5151 823 5252 Neque
849 5170 965 5230 autem
991 5157 1027 5230 in
1053 5155 1183 5254 cborio,
1217 5161 1348 5255 amulo,
1384 5157 1573 5234 allantoide
1605 5158 1800 5257 vestigium
1827 5154 2003 5256 quoddam
2029 5180 2092 5232 re·
