4688 6038
1084 557 1286 633 -ao-
1378 498 1387 513 ’

265 743 556 840 describuntne
578 741 743 819 dicamus
768 768 821 842 ea,
849 768 928 844 que
954 742 1000 823 0.
1025 744 1069 821 It'.
1094 743 1264 820 Miiller
1290 743 1335 819 de
1360 742 1516 821 Medusa
1542 747 1677 846 aurita,
1704 745 1835 846 idem,
1873 746 2093 847 Spallan-

265 874 375 977 nani,
408 877 639 957 Gleicben
666 880 710 954 al.
726 878 772 954 de
798 880 981 957 infusoriis
1009 893 1044 956 et
1060 881 1204 983 polypis
1218 882 1529 959 communicarunt.
1556 882 1724 982 Denique
1741 886 1847 959 tertia
1863 886 1959 960 serie
1977 885 2093 986 quod-

264 1039 418 1115 cumque
434 1029 553 1089 motus
579 1038 697 1114 genus
723 1012 943 1114 descriptum
969 1026 1026 1093 est
1051 1030 1088 1093 et
1115 1018 1344 1094 illustratum.
1395 1017 1528 1117 Neque
1553 1020 1680 1116 injuria
1719 1021 1841 1118 prime
1867 1019 1985 1097 senua
1999 1032 2093 1096 tum·

265 1174 370 1251 quam
397 1160 515 1225 notam
542 1160 578 1223 et
610 1148 850 1225 characterem
876 1164 1036 1227 statuere
1062 1175 1267 1251 possumus,
1295 1152 1391 1253 quod
1415 1164 1534 1227 motus
1569 1154 1604 1227 in
1639 1152 1772 1230 adultis
1793 1153 2024 1230 .vibratorius
2057 1167 2093 1231 et

264 1288 300 1361 in
327 1284 581 1384 embryonibus
612 1288 807 1361 rotatorius
833 1311 905 1386 pra
932 1287 1094 1364 omnibus
1121 1301 1220 1362 esset
1246 1288 1476 1381 observatum
1520 1289 1670 1364 alterius
1695 1312 1800 1387 vero,
1845 1286 1940 1390 quod
1972 1302 2091 1366 motus

263 1421 482 1496 vibratorius
507 1442 589 1495 cum
614 1422 818 1519 rotatorius,
845 1432 920 1520 tum
947 1424 1222 1523 progressorius
1249 1447 1398 1498 ovorum
1425 1425 1649 1501 innotuisset.

1122 1560 1155 1642 §-
1180 1556 1240 1634 32.

416 1688 483 1786 At,
510 1691 571 1790 qui
598 1692 734 1788 primus
760 1702 892 1765 motum
918 1692 1361 1792 vibratoriumrepererit,
1380 1691 1522 1768 edicere
1536 1693 1640 1793 plane
1658 1704 1715 1768 est
1729 1684 1837 1769 aliud.
1889 1690 2091 1770 lnlusorio-

263 1847 342 1900 rum
369 1825 462 1900 enim
489 1825 783 1923 animalculorum
808 1838 951 1922 motum,
980 1828 1039 1926 qui
1066 1831 1190 1927 primis
1215 1830 1402 1906 momentis
1429 1828 1554 1904 oculos
1579 1828 1712 1926 fundit,
1739 1838 1780 1901 ut
1806 1828 1999 1925 mittamus,
2028 1854 2090 1904 oe-

262 1973 420 2036 terorum
446 1975 566 2036 motus
591 1985 766 2061 generum
793 1961 1009 2037 detectorem
1036 1987 1105 2038 non
1132 1987 1216 2039 esse
1240 1988 1362 2062 uuum,
1390 1963 1456 2039 sed
1482 1964 1624 2063 plures,
1660 1986 1726 2062 pro
1751 1975 1951 2063 temporum
1976 1964 2090 2039 vicis·

262 2095 419 2172 situdiue
445 2098 576 2192 varios,
605 2098 665 2196 qui
693 2107 982 2195 antegressarum
1009 2095 1297 2175 observationum
1323 2100 1426 2174 inscii
1459 2123 1592 2174 novum
1624 2099 1708 2197 quid
1734 2098 1893 2197 prolerre
1924 2097 2090 2173 credide·
2137 2192 2142 2199 Ι

263 2230 344 2328 rint,
370 2233 528 2332 ingenue
554 2232 715 2308 latemur.
742 2223 1220 2310 sicinAnodontis'auuitis
1245 2235 1397 2334 primum
1424 2233 1469 2309 de
1494 2233 1655 2332 Heldo,
1683 2243 1719 2307 et
1743 2231 2089 2309 Leeuwenboek

261 2378 395 2442 motum
422 2366 647 2465 detexerant,
675 2367 777 2443 Poli
804 2367 954 2466 viderat,
981 2369 1147 2445 Erman
1173 2380 1357 2471 repererat
1383 2383 1419 2444 et
1450 2368 1643 2467 Raspail
1685 2382 1864 2466 tamquam
1894 2368 2090 2444 inauditum

263 2501 398 2602 aliquid
424 2503 691 2578 observaverat.
743 2500 869 2594 Ouidi
895 2501 1288 2604 Swammerdamm,
1315 2502 1682 2603 Leeuwenboek,
1713 2502 1970 2601 Bolradscb,
2005 2503 2089 2578 Ba·
2178 2527 2183 2540 ·

261 2652 380 2735 ster,
409 2635 611 2735 Stieb'el,
639 2636 798 2735 Carus,
825 2637 864 2711 H
873 2663 896 2712 u
905 2641 951 2740 gi
978 2663 1093 2715 nonne
1119 2651 1387 2716 antecessorum
1412 2640 1529 2740 ignari
1554 2639 1615 2713 vel
1639 2641 1862 2714 immemores
1880 2641 2089 2718 rotatorium

120 2776 126 2785 '
262 2773 494 2875 embryonum
519 2784 654 2849 motum
680 2776 888 2871 exponunt?
937 2771 1004 2849 Au
1030 2773 1127 2847 aliud
1153 2786 1209 2849 est
1234 2777 1269 2850 in
1295 2775 1532 2852 Medusarum
1550 2774 1736 2873 particulis
1772 2774 1817 2849 ab
1843 2772 1940 2852 Otla
1965 2774 2088 2852 driu

260 2909 425 2983 Miiller
451 2921 487 2983 et
513 2907 772 2985 Rosentbal
799 2909 953 2984 retaciat
1003 2908 1102 2985 Num
1129 2907 1438 2986 Gruitbuisen
1473 2910 1518 2985 de
1551 2908 1729 2986 branchiis
1762 2934 1929 2986 ranarum
1954 2909 2086 3009 loquu-

211 3049 212 3052 ’
259 3058 321 3120 tus
347 3041 642 3122 Steinbuobii
669 3045 912 3145 experimenta
937 3041 1095 3121 indicati
1145 3043 1285 3121 Eadem
1310 3047 1395 3145 lere,
1423 3045 1586 3144 quamvis
1603 3070 1674 3121 nou
1691 3047 1787 3122 omni
1804 3070 1852 3121 ex
1877 3056 1979 3145 parte
1997 3068 2086 3120 cou-
2228 3069 2229 3077 ¹

259 3203 363 3279 grum
391 3178 436 3255 de
462 3180 675 3280 polyporum
703 3182 783 3255 ovis
809 3180 926 3281 deque
951 3181 1007 3277 iis,
1035 3181 1095 3278 qui
1122 3192 1256 3255 motum
1281 3182 1564 3280 observaverint,
1591 3193 1632 3256 ut
1658 3179 2008 3256 Leeuwenboelu
2024 3181 2084 3278 (o,

209 3320 212 3329 ’
259 3314 397 3412 Ellis,
426 3313 658 3412 Carolini,
685 3313 846 3414 Grant,
873 3314 1090 3412 'lilesius
1117 3314 1279 3416 Meyen
1306 3316 1460 3393 absunt
1486 3314 1646 3392 dicenda
1698 3313 2085 3414 Ouosomnesrepro-

258 3449 505 3546 benderemus,
533 3451 570 3526 ni
598 3475 689 3546 ,non
716 3452 832 3526 omnia
857 3475 1051 3551 possumus
1078 3452 1243 3549 omnes“,
1278 3454 1465 3527 sententiae
1489 3455 1560 3553 ipsi
1586 3475 1653 3527 uos
1679 3475 1783 3550 quam
1808 3453 1960 3526 maxime
1985 3474 2085 3527 sem·

259 3609 324 3685 per
348 3608 525 3661 memores
551 3608 725 3661 essemus.
756 3583 891 3682 ,Certe
917 3610 984 3661 nec
1008 3588 1135 3664 mirum
1161 3610 1228 3662 nec
1254 3612 1386 3663 novum
1411 3589 1447 3662 in
1472 3589 1583 3665 rebus
1600 3588 1806 3662 anatomicis
1824 3599 1897 3685 est,
1916 3586 2010 3662 idem
2026 3586 2085 3662 di·

262 3721 404 3818 ,versis
429 3720 640 3820 bominibus,
668 3722 753 3796 licet
779 3746 873 3796 unus
899 3722 942 3797 ab
970 3723 1040 3798 alio
1066 3746 1135 3798 noo
1161 3735 1364 3823 moneatur,
1393 3746 1598 3817 occurrere;
1624 3747 1705 3798 nam
1734 3734 1919 3799 structura
1949 3724 2084 3798 animu-
2197 3703 2198 3708 Ν

263 3856 370 3953 ¹,lium
396 3881 481 3933 sese
505 3859 699 3959 unicuique
725 3856 925 3958 indagatori
951 3858 1084 3954 odert.“
1114 3856 1167 3934 de
1193 3857 1340 3936 Heidc
1366 3883 1517 3960 exper.
1544 3885 1578 3959 p.
1601 3857 1663 3936 28.
1680 3900 1730 3914 -

1033 4125 1318 4228 caputss.

257 4261 322 4337 De
348 4276 465 4378 motu
494 4263 751 4343 vibratorio
776 4267 820 4342 io
847 4285 1019 4366 genere
1045 4262 1187 4364 deque
1212 4267 1355 4341 variis
1380 4288 1475 4341 eum
1499 4259 1836 4342 demonstrandi
1861 4261 2084 4340 methodis

1110 4400 1134 4486 b
1168 4398 1229 4478 33.

406 4531 548 4626 Quodsi
574 4557 659 4634 pars
694 4533 853 4634 quadam
889 4534 1070 4632 animalis,
1098 4559 1199 4634 aquae
1224 4533 1283 4610 vel
1302 4531 1410 4609 lluido
1435 4535 1589 4632 cuipiam
1615 4533 1708 4608 alius
1733 4533 1880 4639 generis
1905 4533 2081 4627 immersu,

256 4667 377 4743 fluxus
403 4671 546 4769 excitet,
573 4671 703 4770 quibus
730 4670 944 4769 corpuscula
970 4671 1112 4744 minima
1137 4693 1232 4745 nunc
1258 4668 1498 4768 adtrahantur,
1524 4693 1620 4744 nunc
1646 4669 1868 4767 rejiciantur,
1902 4668 1960 4766 qui
1993 4689 2082 4745 con·

255 4805 354 4881 tiuuo
379 4827 587 4904 processus,
614 4801 714 4882 nullo
739 4805 902 4882 animalis
926 4817 1025 4882 motu
1051 4805 1110 4879 vel
1137 4817 1221 4882 actu
1235 4806 1448 4900 voluntario,
1467 4805 1567 4880 nulla
1591 4806 1713 4904 majori
1725 4802 1921 4880 musculari
1936 4815 2081 4877 contra-

256 4940 382 5037 ctione,
410 4939 510 5015 nulla
535 4940 766 5018 circulatione
793 4940 994 5039 definiente,
1022 4942 1209 5038 excitetur,
1235 4954 1370 5017 motum
1396 4940 1527 5016 adesse
1552 4940 1784 5016 vibratorium
1804 4941 1886 5038 jure
1919 4937 2081 5013 dicimus.

255 5072 371 5167 Quem
389 5096 459 5152 non
485 5075 603 5151 solum
629 5079 837 5176 saepissime,
864 5076 929 5152 sed
948 5077 1042 5152 omni
1067 5077 1104 5152 in
1132 5100 1218 5152 oasu
1246 5076 1338 5153 ciliis
1365 5076 1455 5152 ellici
1482 5075 1650 5151 tenuibus
1680 5077 1802 5170 motis,
1837 5073 1927 5179 inira
1960 5073 2081 5148 fusius

257 5208 501 5289 demonstrare
528 5211 742 5290 conabimur.
786 5211 881 5291 lliuo
907 5215 976 5290 orti
1001 5225 1121 5291 motus
1146 5213 1237 5290 varii
1264 5224 1350 5290 sunt
1375 5213 1532 5315 generis.
1825 5307 1877 5372 ὅ.
