4688 6038
1228 519 1406 591 ..4.-

410 707 705 804 perspicacesque
736 702 771 778 id
804 704 937 778 dietum
968 718 1214 805 sequerentur.
1281 703 1575 805 supersedemus
1610 705 1709 803 alda,
1746 731 1822 808 quae
1847 704 2046 781 litterarum
2081 704 2225 780 historia

408 841 572 917 lteillime
597 840 808 941 suppeditet

1266 1119 1299 1202 S.
1332 1119 1368 1192 2.

559 1245 647 1339 011ae
672 1249 786 1323 adhue
814 1249 1028 1345 dictasunt,
1057 1250 1102 1324 ad
1129 1266 1286 1329 nostram
1314 1279 1387 1327 rem
1408 1250 1907 1326 illustrandamadhibeantur.
1957 1249 2093 1346 Motus,
2122 1273 2225 1348 quem

408 1385 791 1463 racantvibratorium,
819 1386 850 1459 b.
878 1411 908 1460 e.
934 1406 1053 1461 motus
1079 1391 1282 1487 superficiei
1298 1391 1499 1483 continuuS,
1527 1388 1620 1461 eiliis
1641 1386 2034 1482 uibrantibusedeotuS,
2063 1387 2225 1486 quamuis

408 1541 472 1614 per
495 1521 641 1618 triginta
667 1521 783 1595 lustra
809 1537 905 1595 esset
934 1526 1111 1622 cognitus,
1140 1539 1255 1599 tamen
1283 1527 1317 1598 in
1345 1524 1500 1621 singulis
1527 1537 1662 1597 tantum
1684 1523 1893 1596 animalibus
1919 1523 1983 1595 luit
2004 1534 2225 1620 perspectus

407 1655 509 1749 qnasi
545 1681 605 1729 res
637 1677 734 1729 esset
767 1657 847 1730 binc
884 1659 964 1731 inde
1008 1659 1248 1755 observanda,
1283 1659 1483 1734 animalium
1517 1658 1737 1757 quorundam
1771 1661 1913 1757 propria
1948 1683 2014 1731 neo
2057 1657 2218 1754 penitiori

407 1790 636 1885 inquisitione
653 1791 771 1891 digna,
800 1819 891 1892 quae
919 1795 1072 1892 eleganti
1100 1797 1281 1894 nitidoque
1309 1796 1481 1894 adspectu
1508 1821 1654 1869 sensum
1681 1808 1840 1869 moueret
1862 1797 2083 1890 animumque
2105 1790 2227 1864 delec-

407 1944 510 1997 taret.
561 1923 761 2002 Crescebat
788 1930 930 2027 quidem
958 1931 1247 2004 observationum
1275 1957 1463 2024 numerus,
1490 1931 1787 2004 eonfirrnabantur
1814 1945 1912 2022 nota;
1940 1926 2227 2002 notaaddeban-

407 2076 484 2147 tur;
508 2078 627 2136 tamen
642 2066 795 2160 majores
811 2084 912 2139 erant
932 2067 1091 2162 lacunae,
1120 2093 1225 2165 quam
1254 2079 1291 2139 nt
1313 2069 1451 2139 omnino
1479 2067 1642 2140 laterent.
1693 2065 1728 2138 E
1754 2064 1935 2137 classibus
1962 2065 2226 2158 inlusoriorum,

409 2193 632 2292 polyporum,
659 2201 916 2274 molluscorum
951 2204 1096 2301 singula
1132 2205 1372 2294 innotuerant3
1408 2202 1566 2274 seeundo
1599 2202 1703 2298 hujus
1738 2200 1858 2272 saculi
1894 2224 1984 2272 anno
2016 2200 2227 2271 lacertarum

409 2342 446 2400 et
471 2328 731 2408 batrachiomm
757 2337 880 2410 larvae
908 2352 1136 2411 accesserant
1162 2365 1228 2411 nee
1255 2363 1365 2436 parra
1392 2350 1497 2434 atque
1531 2338 1663 2433 exigua
1699 2334 1743 2407 de
1775 2336 2010 2409 evertetnatis
2043 2335 2228 2432 permultis

410 2464 529 2539 addita
562 2470 714 2546 fuerant.
776 2472 837 2545 Ex
870 2474 1001 2570 quibus
1032 2487 1150 2545 tantett
1182 2475 1293 2546 veluti
1327 2473 1452 2545 frustis
1493 2497 1535 2543 ae
1578 2471 1785 2569 fragmentis
1822 2483 1953 2570 motum
1997 2470 2229 2543 uibratorium

410 2604 581 2700 generale
606 2607 782 2706 quoddam
809 2631 893 2681 esse
919 2622 953 2681 et
980 2608 1241 2682 fundamentale
1268 2608 1525 2706 pltzenomenon,
1554 2605 1777 2700 concludere,
1805 2623 1875 2677 tam
1901 2604 2020 2677 audax
2047 2629 2089 2676 aa
2115 2617 2230 2678 teme·

413 2739 530 2812 rarius
555 2743 638 2840 quis
664 2760 732 2837 est,
760 2744 819 2839 qui
847 2747 1022 2817 conetur?
1072 2743 1205 2842 Neque
1238 2758 1352 2817 tamen
1389 2767 1456 2816 non
1490 2754 1555 2815 est.
1608 2741 1661 2816 Ut
1688 2743 1778 2814 enim
1805 2763 1898 2812 nora
1923 2737 2094 2838 detegtde
2120 2742 2229 2813 sortis

412 2873 622 2949 beneficium
648 2877 808 2951 babetur.
837 2879 977 2951 deteeta
1002 2903 1092 2952 vero
1119 2881 1286 2978 persequi
1312 2878 1538 2975 singulisque
1565 2899 1774 2974 percurrere
1805 2876 2005 2947 momentis.
2039 2874 2229 2972 diligentia.

412 3028 519 3108 atque
544 3010 783 3107 adsiduitatis
810 3015 859 3086 ita
885 3015 977 3087 sorte
1003 3012 1141 3108 aeeidit,
1176 3028 1214 3086 ut
1241 3038 1316 3101 nos,
1353 3013 1580 3085 alienissimis
1607 3036 1666 3084 res
1691 3009 1872 3083 naturales
1897 3008 2134 3105 investigandi
2160 3034 2231 3107 ge·
2323 3019 2327 3027 '

413 3147 561 3220 neribus
587 3146 706 3243 dediti,
735 3149 949 3246 pbaenometti
976 3148 1129 3223 indolem
1155 3149 1359 3248 generalem
1387 3149 1641 3244 reperiremus,
1670 3148 1800 3242 qnippe
1817 3142 1909 3241 quod
1925 3143 2228 3239 inmammalibuS,

413 3281 544 3354 aribus
569 3301 676 3380 atque
702 3283 888 3380 amphibiis
915 3286 999 3358 insit
1024 3309 1140 3381 neque
1168 3309 1332 3381 unquam,
1359 3286 1465 3356 sicuti
1492 3286 1570 3380 ipsa
1597 3282 1795 3377 respiratio,
1823 3278 2005 3351 circulatio
2030 3281 2240 3383 sanguin*

413 3420 575 3489 sensatio
600 3442 755 3491 nervosa
782 3420 826 3492 al.
853 3419 1004 3492 debriat.
1055 3419 1098 3491 ln
1125 3421 1284 3517 piscibus
1315 3434 1467 3514 motum,
1503 3418 1666 3516 quamvis
1692 3413 1842 3487 adsidue
1869 3431 2080 3511 quaerentes,
2112 3430 2231 3487 tamen

414 3550 553 3623 nullum
579 3555 788 3649 reperimus.
840 3550 918 3628 Sed
945 3554 1132 3652 quodnam,
1159 3580 1289 3653 quasa,
1318 3555 1362 3628 la.
1389 3555 1442 3649 B,
1476 3554 1521 3627 de
1556 3553 1621 3625 ltao
1652 3553 1731 3648 ipsa
1766 3573 1805 3621 re
1837 3571 1946 3644 penes
1971 3568 2037 3618 nos
2057 3547 2232 3642 judicium

415 3710 500 3759 esse
525 3711 666 3761 censes
694 3691 889 3763 amariam
916 3689 1096 3763 littoribus
1124 3704 1290 3764 remotos.
1317 3691 1360 3762 ab
1388 3715 1496 3789 aquae.
1524 3702 1563 3761 ut
1590 3691 1638 3760 ita
1664 3686 1833 3763 dicamus
1860 3681 2022 3778 zoologia
2049 3683 2233 3776 sejunctos

416 3842 452 3894 et
484 3848 595 3920 parra
627 3838 762 3896 tantum
794 3827 995 3920 speeietttm
1026 3828 1223 3923 minorique
1260 3851 1433 3925 generum
1466 3826 1567 3921 copia
1599 3823 1713 3895 usos?
1769 3817 1919 3890 Etiamsi
1958 3818 2067 3913 igitur
2096 3830 2232 3890 motum

416 3957 648 4031 tunorium
675 3960 710 4031 in
738 3959 897 4058 piscibus
923 3985 993 4035 non
1018 3960 1191 4035 uidimus.
1218 3973 1335 4035 tamen
1362 3985 1445 4034 esse
1472 3984 1553 4033 eum
1580 3981 1648 4030 non
1676 3975 1859 4053 negamus
1887 3950 1951 4024 sed
1979 3953 2161 4047 opinamur
2187 3976 2231 4024 ae.

415 4093 677 4185 concludimus,
713 4109 881 4169 nontam
908 4098 1147 4195 experientia,
1181 4121 1286 4195 quam
1319 4097 1428 4168 totius
1460 4109 1593 4167 naturae
1619 4091 1782 4188 analogia
1808 4088 1999 4185 legumque
2033 4089 2232 4159 ronstantia
2295 4168 2300 4175 ¹

415 4230 506 4301 lreti
563 4225 636 4319 Oui
662 4231 781 4304 littora
808 4234 957 4304 marium
983 4233 1157 4326 incolant,
1185 4234 1246 4330 qui
1273 4232 1425 4304 nasibus
1451 4254 1621 4304 oceanum
1648 4239 1873 4325 pereurrant.
1902 4220 2080 4292 hortamur
2105 4234 2141 4292 et
2168 4244 2232 4294 ro-

412 4388 554 4463 gans.
580 4380 621 4437 ttt
646 4369 726 4439 suis
751 4368 937 4465 explerent
964 4366 1285 4461 observationibus
1314 4393 1392 4466 qua
1416 4366 1624 4440 commentis
1639 4361 1785 4459 explere
1796 4360 1975 4456 justornm
1993 4376 2063 4427 uon
2078 4356 2124 4427 sit
2137 4354 2232 4430 stdo·

412 4525 564 4599 ruqte
588 4516 830 4575 scrutatorum
857 4518 1000 4577 natura.

1297 4837 1306 4852 .
1339 4773 1374 4849 3.

561 4908 745 4984 Geaenle
762 4911 939 5011 quoddam
965 4936 1008 4985 aa
1034 4779 1297 4985 fundamentalb
1323 4906 1624 5007 zoopbysiologite
1650 4901 1898 5000 pbaenomenon
1911 4906 2042 4969 nuum
2069 4891 2233 4966 vibrato·

408 5043 500 5115 riu
525 5066 611 5117 esse
634 5045 729 5120 baud
754 5046 852 5120 dubii
880 5047 1079 5145 plantarum
1105 5068 1256 5146 regnum
1282 5046 1438 5144 ingressi
1465 5066 1608 5117 sumus:
1634 5040 1739 5134 eujus
1757 5058 1826 5107 utta
1844 5044 1899 5105 est
1915 5052 1985 5103 res
2012 5051 2116 5125 quam
2131 5038 2232 5099 motu

406 5177 560 5287 Ίῑοᾶξι
585 5179 780 5257 vibratorio
811 5182 903 5256 otei
935 5183 1040 5256 futile
1073 5181 1213 5257 eredas
1264 5182 1435 5256 Dicimus
1462 5180 1554 5252 enim
1585 5190 1720 5247 motum
1751 5170 1850 5242 illum
1883 5163 2094 5239 circularem
2128 5161 2231 5233 sueti
