<?xml version="1.0" encoding="UTF-8"?>
<!DOCTYPE html PUBLIC "-//W3C//DTD XHTML 1.0 Transitional//EN"
    "http://www.w3.org/TR/xhtml1/DTD/xhtml1-transitional.dtd">
<html xmlns="http://www.w3.org/1999/xhtml" xml:lang="en" lang="en">
 <head>
  <title>
</title>
<meta http-equiv="Content-Type" content="text/html;charset=utf-8" />
  <meta name='ocr-system' content='tesseract 3.04.00' />
  <meta name='ocr-capabilities' content='ocr_page ocr_carea ocr_par ocr_line ocrx_word'/>
</head>
<body>
  <div class='ocr_page' id='page_1' title='image "./dephaenomenogen00purkgoog_0069.png"; bbox 0 0 4688 6038; ppageno 0'>
   <div class='ocr_carea' id='block_1_1' title="bbox 1005 523 1208 633">
    <p class='ocr_par' dir='ltr' id='par_1_1' title="bbox 1005 523 1208 633">
     <span class='ocr_line' id='line_1_1' title="bbox 1005 523 1208 633; baseline 0.005 -51"><span class='ocrx_word' id='word_1_1' title='bbox 1005 523 1208 633; x_wconf 67' lang='grc'><strong>..91-</strong></span> 
     </span>
    </p>
   </div>
   <div class='ocr_carea' id='block_1_2' title="bbox 122 708 2023 1628">
    <p class='ocr_par' dir='ltr' id='par_1_2' title="bbox 195 708 2023 1085">
     <span class='ocr_line' id='line_1_2' title="bbox 195 708 2023 820; baseline 0.002 -27"><span class='ocrx_word' id='word_1_2' title='bbox 195 709 390 793; x_wconf 66' lang='lat' dir='ltr'><strong>meroem</strong></span> <span class='ocrx_word' id='word_1_3' title='bbox 406 709 540 787; x_wconf 88' lang='lat' dir='ltr'><strong>seniori</strong></span> <span class='ocrx_word' id='word_1_4' title='bbox 551 710 588 786; x_wconf 90' lang='lat' dir='ltr'><strong>in</strong></span> <span class='ocrx_word' id='word_1_5' title='bbox 605 708 820 811; x_wconf 77' lang='lat' dir='ltr'>pedunculis</span> <span class='ocrx_word' id='word_1_6' title='bbox 835 708 1198 812; x_wconf 87' lang='lat' dir='ltr'><strong>Juugermauniarum</strong></span> <span class='ocrx_word' id='word_1_7' title='bbox 1223 712 1317 790; x_wconf 87' lang='lat' dir='ltr'><strong>sacta</strong></span> <span class='ocrx_word' id='word_1_8' title='bbox 1341 713 1616 818; x_wconf 64' lang='lat' dir='ltr'><strong>communicavit</strong></span> <span class='ocrx_word' id='word_1_9' title='bbox 1632 738 1680 790; x_wconf 86' lang='lat' dir='ltr'><strong>ac.</strong></span> <span class='ocrx_word' id='word_1_10' title='bbox 1691 714 1913 795; x_wconf 83' lang='lat' dir='ltr'><strong>confirmavit</strong></span> <span class='ocrx_word' id='word_1_11' title='bbox 1929 719 1977 820; x_wconf 80' lang='lat' dir='ltr'><strong>(l.</strong></span> <span class='ocrx_word' id='word_1_12' title='bbox 1993 745 2023 796; x_wconf 89' lang='lat' dir='ltr'><strong>c.</strong></span> 
     </span>
     <span class='ocr_line' id='line_1_3' title="bbox 195 844 2023 956; baseline 0.005 -34"><span class='ocrx_word' id='word_1_13' title='bbox 195 874 254 950; x_wconf 96' lang='lat' dir='ltr'><strong>pp.</strong></span> <span class='ocrx_word' id='word_1_14' title='bbox 278 847 314 924; x_wconf 84' lang='lat'><strong>8.</strong></span> <span class='ocrx_word' id='word_1_15' title='bbox 341 845 410 946; x_wconf 75' lang='lat' dir='ltr'><strong>a),</strong></span> <span class='ocrx_word' id='word_1_16' title='bbox 437 844 535 922; x_wconf 86' lang='lat' dir='ltr'><strong>fluidi</strong></span> <span class='ocrx_word' id='word_1_17' title='bbox 559 847 711 948; x_wconf 82' lang='lat' dir='ltr'><strong>granula</strong></span> <span class='ocrx_word' id='word_1_18' title='bbox 737 847 951 923; x_wconf 88' lang='lat' dir='ltr'><strong>continentis</strong></span> <span class='ocrx_word' id='word_1_19' title='bbox 976 872 1212 950; x_wconf 90' lang='lat' dir='ltr'><strong>progressum</strong></span> <span class='ocrx_word' id='word_1_20' title='bbox 1229 875 1272 927; x_wconf 88' lang='lat' dir='ltr'><strong>ao</strong></span> <span class='ocrx_word' id='word_1_21' title='bbox 1288 869 1498 951; x_wconf 86' lang='lat' dir='ltr'><strong>regressum</strong></span> <span class='ocrx_word' id='word_1_22' title='bbox 1516 873 1537 925; x_wconf 91' lang='lat' dir='ltr'><strong>e</strong></span> <span class='ocrx_word' id='word_1_23' title='bbox 1555 848 1757 928; x_wconf 85' lang='lat' dir='ltr'><strong>Sertularia</strong></span> <span class='ocrx_word' id='word_1_24' title='bbox 1775 852 1822 953; x_wconf 80' lang='lat' dir='ltr'><strong>[l.</strong></span> <span class='ocrx_word' id='word_1_25' title='bbox 1839 879 1870 933; x_wconf 90' lang='lat' dir='ltr'><strong>c.</strong></span> <span class='ocrx_word' id='word_1_26' title='bbox 1888 853 2023 956; x_wconf 78' lang='lat' dir='ltr'><strong>pili.)</strong></span> 
     </span>
     <span class='ocr_line' id='line_1_4' title="bbox 195 980 1765 1085; baseline 0.002 -25"><span class='ocrx_word' id='word_1_27' title='bbox 195 996 232 1060; x_wconf 92' lang='lat' dir='ltr'><strong>et</strong></span> <span class='ocrx_word' id='word_1_28' title='bbox 258 983 444 1085; x_wconf 91' lang='lat' dir='ltr'><strong>sanguinis</strong></span> <span class='ocrx_word' id='word_1_29' title='bbox 469 983 731 1059; x_wconf 85' lang='lat' dir='ltr'><strong>memorabilem</strong></span> <span class='ocrx_word' id='word_1_30' title='bbox 755 982 1022 1059; x_wconf 90' lang='lat' dir='ltr'><strong>undulationem</strong></span> <span class='ocrx_word' id='word_1_31' title='bbox 1048 1008 1069 1060; x_wconf 92' lang='lat' dir='ltr'><strong>e</strong></span> <span class='ocrx_word' id='word_1_32' title='bbox 1096 980 1210 1084; x_wconf 80' lang='lat' dir='ltr'><strong>Salpe</strong></span> <span class='ocrx_word' id='word_1_33' title='bbox 1236 985 1283 1085; x_wconf 78' lang='lat' dir='ltr'><strong>(l.</strong></span> <span class='ocrx_word' id='word_1_34' title='bbox 1309 1009 1340 1060; x_wconf 91' lang='lat' dir='ltr'><strong>c.</strong></span> <span class='ocrx_word' id='word_1_35' title='bbox 1365 1010 1423 1085; x_wconf 94' lang='lat' dir='ltr'><strong>pp.</strong></span> <span class='ocrx_word' id='word_1_36' title='bbox 1448 984 1509 1062; x_wconf 92' lang='grc'><strong>16.</strong></span> <span class='ocrx_word' id='word_1_37' title='bbox 1536 984 1619 1085; x_wconf 79' lang='grc'><strong>17.)</strong></span> <span class='ocrx_word' id='word_1_38' title='bbox 1646 988 1765 1064; x_wconf 87' lang='lat' dir='ltr'><strong>reiert.</strong></span> 
     </span>
    </p>

    <p class='ocr_par' dir='ltr' id='par_1_3' title="bbox 122 1116 2022 1628">
     <span class='ocr_line' id='line_1_5' title="bbox 209 1116 2022 1221; baseline 0.004 -29"><span class='ocrx_word' id='word_1_39' title='bbox 209 1190 216 1207; x_wconf 74' lang='lat'>‚</span> <span class='ocrx_word' id='word_1_40' title='bbox 346 1116 512 1193; x_wconf 88' lang='lat' dir='ltr'><strong>Armand</strong></span> <span class='ocrx_word' id='word_1_41' title='bbox 539 1117 583 1194; x_wconf 90' lang='lat' dir='ltr'><strong>de</strong></span> <span class='ocrx_word' id='word_1_42' title='bbox 610 1116 851 1219; x_wconf 81' lang='lat' dir='ltr'><strong>Ouatreiages</strong></span> <span class='ocrx_word' id='word_1_43' title='bbox 879 1119 1079 1219; x_wconf 80' lang='lat' dir='ltr'><strong>(Memoire</strong></span> <span class='ocrx_word' id='word_1_44' title='bbox 1104 1144 1171 1195; x_wconf 91' lang='lat' dir='ltr'><strong>sur</strong></span> <span class='ocrx_word' id='word_1_45' title='bbox 1196 1118 1474 1221; x_wconf 80' lang='lat' dir='ltr'><strong>l’embryogenie</strong></span> <span class='ocrx_word' id='word_1_46' title='bbox 1501 1120 1565 1196; x_wconf 93' lang='lat' dir='ltr'><strong>des</strong></span> <span class='ocrx_word' id='word_1_47' title='bbox 1587 1121 1783 1198; x_wconf 86' lang='lat' dir='ltr'><strong>Planorbes</strong></span> <span class='ocrx_word' id='word_1_48' title='bbox 1802 1134 1837 1199; x_wconf 86' lang='lat' dir='ltr'><strong>et</strong></span> <span class='ocrx_word' id='word_1_49' title='bbox 1855 1124 1899 1199; x_wconf 90' lang='lat' dir='ltr'><strong>de</strong></span> <span class='ocrx_word' id='word_1_50' title='bbox 1916 1124 2022 1200; x_wconf 85' lang='lat' dir='ltr'><strong>Lim·</strong></span> 
     </span>
     <span class='ocr_line' id='line_1_6' title="bbox 122 1251 2019 1360; baseline 0.004 -31"><span class='ocrx_word' id='word_1_51' title='bbox 122 1295 124 1298; x_wconf 56' lang='lat'>&lt;</span> <span class='ocrx_word' id='word_1_52' title='bbox 195 1257 282 1329; x_wconf 79' lang='lat' dir='ltr'><strong>nees</strong></span> <span class='ocrx_word' id='word_1_53' title='bbox 298 1255 336 1330; x_wconf 89' lang='lat' dir='ltr'><strong>iu</strong></span> <span class='ocrx_word' id='word_1_54' title='bbox 351 1253 451 1331; x_wconf 88' lang='lat' dir='ltr'><strong>Aun.</strong></span> <span class='ocrx_word' id='word_1_55' title='bbox 478 1254 543 1330; x_wconf 90' lang='lat' dir='ltr'><strong>des</strong></span> <span class='ocrx_word' id='word_1_56' title='bbox 568 1278 619 1330; x_wconf 91' lang='lat' dir='ltr'><strong>sc.</strong></span> <span class='ocrx_word' id='word_1_57' title='bbox 645 1267 759 1332; x_wconf 90' lang='lat' dir='ltr'><strong>natur.</strong></span> <span class='ocrx_word' id='word_1_58' title='bbox 785 1251 953 1334; x_wconf 80' lang='lat' dir='ltr'><strong>Seconde</strong></span> <span class='ocrx_word' id='word_1_59' title='bbox 980 1256 1086 1332; x_wconf 91' lang='lat' dir='ltr'><strong>serie.</strong></span> <span class='ocrx_word' id='word_1_60' title='bbox 1128 1254 1313 1330; x_wconf 82' lang='lat' dir='ltr'><strong>Premiere</strong></span> <span class='ocrx_word' id='word_1_61' title='bbox 1330 1260 1451 1331; x_wconf 71' lang='lat' dir='ltr'><strong>annae.</strong></span> <span class='ocrx_word' id='word_1_62' title='bbox 1476 1254 1588 1334; x_wconf 87' lang='grc'><strong>1834.</strong></span> <span class='ocrx_word' id='word_1_63' title='bbox 1629 1255 1744 1334; x_wconf 90' lang='lat' dir='ltr'><strong>Aout.</strong></span> <span class='ocrx_word' id='word_1_64' title='bbox 1770 1285 1804 1359; x_wconf 89' lang='lat' dir='ltr'><strong>p.</strong></span> <span class='ocrx_word' id='word_1_65' title='bbox 1821 1258 1899 1334; x_wconf 88' lang='grc'><strong>107</strong></span> <span class='ocrx_word' id='word_1_66' title='bbox 1918 1260 2019 1360; x_wconf 84' lang='lat' dir='ltr'><strong>sqq.)</strong></span> 
     </span>
     <span class='ocr_line' id='line_1_7' title="bbox 194 1389 2022 1492; baseline 0.003 -28"><span class='ocrx_word' id='word_1_67' title='bbox 194 1389 387 1465; x_wconf 89' lang='lat' dir='ltr'><strong>Pleuorbis</strong></span> <span class='ocrx_word' id='word_1_68' title='bbox 413 1403 449 1465; x_wconf 93' lang='lat' dir='ltr'><strong>et</strong></span> <span class='ocrx_word' id='word_1_69' title='bbox 474 1389 637 1491; x_wconf 86' lang='lat' dir='ltr'><strong>Lymnaei</strong></span> <span class='ocrx_word' id='word_1_70' title='bbox 664 1391 895 1492; x_wconf 89' lang='lat' dir='ltr'><strong>embryonum</strong></span> <span class='ocrx_word' id='word_1_71' title='bbox 922 1394 1140 1488; x_wconf 81' lang='lat' dir='ltr'><strong>rotationem,</strong></span> <span class='ocrx_word' id='word_1_72' title='bbox 1169 1414 1274 1490; x_wconf 88' lang='lat' dir='ltr'><strong>quam</strong></span> <span class='ocrx_word' id='word_1_73' title='bbox 1301 1414 1381 1465; x_wconf 93' lang='lat' dir='ltr'><strong>cum</strong></span> <span class='ocrx_word' id='word_1_74' title='bbox 1406 1403 1504 1466; x_wconf 92' lang='lat' dir='ltr'><strong>motu</strong></span> <span class='ocrx_word' id='word_1_75' title='bbox 1530 1391 1749 1491; x_wconf 88' lang='lat' dir='ltr'><strong>planetarum</strong></span> <span class='ocrx_word' id='word_1_76' title='bbox 1777 1396 1928 1487; x_wconf 87' lang='lat' dir='ltr'><strong>conierri</strong></span> <span class='ocrx_word' id='word_1_77' title='bbox 1954 1421 2022 1470; x_wconf 92' lang='lat' dir='ltr'><strong>no-</strong></span> 
     </span>
     <span class='ocr_line' id='line_1_8' title="bbox 193 1525 2018 1628; baseline 0.002 -28"><span class='ocrx_word' id='word_1_78' title='bbox 193 1525 254 1623; x_wconf 88' lang='lat' dir='ltr'><strong>lit,</strong></span> <span class='ocrx_word' id='word_1_79' title='bbox 281 1527 432 1627; x_wconf 89' lang='lat' dir='ltr'><strong>septimo</strong></span> <span class='ocrx_word' id='word_1_80' title='bbox 457 1536 541 1626; x_wconf 90' lang='lat' dir='ltr'><strong>post</strong></span> <span class='ocrx_word' id='word_1_81' title='bbox 567 1527 717 1625; x_wconf 89' lang='lat' dir='ltr'><strong>primum</strong></span> <span class='ocrx_word' id='word_1_82' title='bbox 743 1527 948 1628; x_wconf 78' lang='lat' dir='ltr'><strong>embrponis</strong></span> <span class='ocrx_word' id='word_1_83' title='bbox 973 1527 1168 1626; x_wconf 82' lang='lat' dir='ltr'><strong>vestigium</strong></span> <span class='ocrx_word' id='word_1_84' title='bbox 1193 1527 1312 1601; x_wconf 88' lang='lat' dir='ltr'><strong>visum</strong></span> <span class='ocrx_word' id='word_1_85' title='bbox 1338 1526 1396 1601; x_wconf 88' lang='lat' dir='ltr'><strong>die</strong></span> <span class='ocrx_word' id='word_1_86' title='bbox 1422 1525 1615 1627; x_wconf 76' lang='lat' dir='ltr'><strong>(p110.)</strong></span> <span class='ocrx_word' id='word_1_87' title='bbox 1649 1542 1854 1628; x_wconf 91' lang='lat' dir='ltr'><strong>motumque</strong></span> <span class='ocrx_word' id='word_1_88' title='bbox 1884 1529 2018 1606; x_wconf 90' lang='lat' dir='ltr'><strong>volun·</strong></span> 
     </span>
    </p>
   </div>
   <div class='ocr_carea' id='block_1_3' title="bbox 193 1792 2022 2008">
    <p class='ocr_par' dir='ltr' id='par_1_4' title="bbox 193 1792 2022 2008">
     <span class='ocr_line' id='line_1_9' title="bbox 194 1792 2022 1909; baseline 0.003 -41"><span class='ocrx_word' id='word_1_89' title='bbox 194 1795 389 1872; x_wconf 87' lang='lat' dir='ltr'><strong>vibratorio</strong></span> <span class='ocrx_word' id='word_1_90' title='bbox 415 1796 514 1897; x_wconf 93' lang='lat' dir='ltr'><strong>ipso,</strong></span> <span class='ocrx_word' id='word_1_91' title='bbox 542 1807 719 1897; x_wconf 87' lang='lat' dir='ltr'><strong>tamquam</strong></span> <span class='ocrx_word' id='word_1_92' title='bbox 745 1821 875 1874; x_wconf 88' lang='lat' dir='ltr'><strong>caussa</strong></span> <span class='ocrx_word' id='word_1_93' title='bbox 901 1796 1104 1896; x_wconf 81' lang='lat' dir='ltr'><strong>rotationis,</strong></span> <span class='ocrx_word' id='word_1_94' title='bbox 1132 1796 1235 1909; x_wconf 84' lang='lat' dir='ltr'><strong>nimis</strong></span> <span class='ocrx_word' id='word_1_95' title='bbox 1261 1792 1400 1896; x_wconf 87' lang='lat' dir='ltr'><strong>parvis,</strong></span> <span class='ocrx_word' id='word_1_96' title='bbox 1443 1807 1484 1873; x_wconf 91' lang='lat' dir='ltr'><strong>ut</strong></span> <span class='ocrx_word' id='word_1_97' title='bbox 1509 1796 1671 1896; x_wconf 87' lang='lat' dir='ltr'><strong>videtur,</strong></span> <span class='ocrx_word' id='word_1_98' title='bbox 1703 1801 1904 1900; x_wconf 82' lang='lat' dir='ltr'><strong>augmentis</strong></span> <span class='ocrx_word' id='word_1_99' title='bbox 1929 1823 2022 1876; x_wconf 89' lang='lat' dir='ltr'><strong>usus</strong></span> 
     </span>
     <span class='ocr_line' id='line_1_10' title="bbox 193 1929 1230 2008; baseline 0.003 -3"><span class='ocrx_word' id='word_1_100' title='bbox 193 1930 280 2007; x_wconf 88' lang='lat' dir='ltr'><strong>nihil</strong></span> <span class='ocrx_word' id='word_1_101' title='bbox 307 1930 413 2008; x_wconf 89' lang='lat' dir='ltr'><strong>addit.</strong></span> <span class='ocrx_word' id='word_1_102' title='bbox 1226 1929 1230 1944; x_wconf 86' lang='lat'>&#39;</span> 
     </span>
    </p>
   </div>
   <div class='ocr_carea' id='block_1_4' title="bbox 885 2202 1317 2502">
    <p class='ocr_par' dir='ltr' id='par_1_5' title="bbox 885 2202 1317 2502">
     <span class='ocr_line' id='line_1_11' title="bbox 1028 2202 1175 2290; baseline -0.075 0"><span class='ocrx_word' id='word_1_103' title='bbox 1028 2205 1061 2290; x_wconf 77' lang='grc'><strong>6.</strong></span> <span class='ocrx_word' id='word_1_104' title='bbox 1089 2202 1175 2279; x_wconf 92' lang='grc'><strong>114.</strong></span> 
     </span>
     <span class='ocr_line' id='line_1_12' title="bbox 885 2386 1317 2502; baseline 0.009 -40"><span class='ocrx_word' id='word_1_105' title='bbox 885 2387 959 2502; x_wconf 88' lang='lat' dir='ltr'><strong>Ad</strong></span> <span class='ocrx_word' id='word_1_106' title='bbox 984 2390 1017 2474; x_wconf 72' lang='lat' dir='ltr'><strong>S.</strong></span> <span class='ocrx_word' id='word_1_107' title='bbox 1043 2390 1105 2465; x_wconf 77' lang='lat'><strong>2⁷.</strong></span> <span class='ocrx_word' id='word_1_108' title='bbox 1131 2399 1173 2464; x_wconf 91' lang='lat' dir='ltr'><strong>et</strong></span> <span class='ocrx_word' id='word_1_109' title='bbox 1197 2391 1231 2476; x_wconf 72' lang='lat'><strong>8.</strong></span> <span class='ocrx_word' id='word_1_110' title='bbox 1256 2386 1317 2467; x_wconf 88' lang='grc'><strong>46.</strong></span> 
     </span>
    </p>
   </div>
   <div class='ocr_carea' id='block_1_5' title="bbox 548 2570 1665 2651">
    <p class='ocr_par' dir='ltr' id='par_1_6' title="bbox 548 2570 1665 2651">
     <span class='ocr_line' id='line_1_13' title="bbox 548 2570 1665 2651; baseline 0.001 -1"><span class='ocrx_word' id='word_1_111' title='bbox 548 2570 615 2650; x_wconf 89' lang='lat' dir='ltr'><strong>De</strong></span> <span class='ocrx_word' id='word_1_112' title='bbox 641 2573 768 2649; x_wconf 86' lang='lat' dir='ltr'><strong>succi</strong></span> <span class='ocrx_word' id='word_1_113' title='bbox 800 2571 1002 2650; x_wconf 86' lang='lat' dir='ltr'><strong>circuitu</strong></span> <span class='ocrx_word' id='word_1_114' title='bbox 1033 2577 1076 2651; x_wconf 91' lang='lat' dir='ltr'><strong>in</strong></span> <span class='ocrx_word' id='word_1_115' title='bbox 1105 2573 1378 2651; x_wconf 84' lang='lat' dir='ltr'><strong>animalibus</strong></span> <span class='ocrx_word' id='word_1_116' title='bbox 1405 2573 1665 2651; x_wconf 87' lang='lat' dir='ltr'><strong>observato.</strong></span> 
     </span>
    </p>
   </div>
   <div class='ocr_carea' id='block_1_6' title="bbox 342 2742 2017 2843">
    <p class='ocr_par' dir='ltr' id='par_1_7' title="bbox 342 2742 2017 2843">
     <span class='ocr_line' id='line_1_14' title="bbox 342 2742 2017 2843; baseline 0 -26"><span class='ocrx_word' id='word_1_117' title='bbox 342 2742 552 2819; x_wconf 88' lang='lat' dir='ltr'><strong>Plantarum</strong></span> <span class='ocrx_word' id='word_1_118' title='bbox 578 2742 730 2819; x_wconf 90' lang='lat' dir='ltr'><strong>cellulas</strong></span> <span class='ocrx_word' id='word_1_119' title='bbox 756 2767 905 2819; x_wconf 90' lang='lat' dir='ltr'><strong>succum</strong></span> <span class='ocrx_word' id='word_1_120' title='bbox 930 2742 1024 2819; x_wconf 88' lang='lat' dir='ltr'><strong>haud</strong></span> <span class='ocrx_word' id='word_1_121' title='bbox 1051 2769 1132 2820; x_wconf 88' lang='lat' dir='ltr'><strong>raro</strong></span> <span class='ocrx_word' id='word_1_122' title='bbox 1166 2747 1366 2843; x_wconf 90' lang='lat' dir='ltr'><strong>continere,</strong></span> <span class='ocrx_word' id='word_1_123' title='bbox 1411 2745 1472 2843; x_wconf 91' lang='lat' dir='ltr'><strong>qui</strong></span> <span class='ocrx_word' id='word_1_124' title='bbox 1514 2743 1667 2819; x_wconf 87' lang='lat' dir='ltr'><strong>circuitu</strong></span> <span class='ocrx_word' id='word_1_125' title='bbox 1691 2752 1814 2817; x_wconf 89' lang='lat' dir='ltr'><strong>utatur</strong></span> <span class='ocrx_word' id='word_1_126' title='bbox 1840 2743 2017 2838; x_wconf 88' lang='lat' dir='ltr'><strong>continuo,</strong></span> 
     </span>
    </p>
   </div>
   <div class='ocr_carea' id='block_1_7' title="bbox 190 2875 2017 3115">
    <p class='ocr_par' dir='ltr' id='par_1_8' title="bbox 190 2875 2017 3115">
     <span class='ocr_line' id='line_1_15' title="bbox 191 2875 2017 2980; baseline 0.001 -28"><span class='ocrx_word' id='word_1_127' title='bbox 191 2876 727 2976; x_wconf 80' lang='lat' dir='ltr'><strong>observationibusaOorti,</strong></span> <span class='ocrx_word' id='word_1_128' title='bbox 772 2877 819 2955; x_wconf 67' lang='lat'><strong>1.</strong></span> <span class='ocrx_word' id='word_1_129' title='bbox 853 2875 898 2956; x_wconf 80' lang='grc'><strong>0.</strong></span> <span class='ocrx_word' id='word_1_130' title='bbox 931 2877 1239 2977; x_wconf 71' lang='lat' dir='ltr'><strong>Treviranus,</strong></span> <span class='ocrx_word' id='word_1_131' title='bbox 1282 2877 1491 2980; x_wconf 87' lang='lat' dir='ltr'><strong>Agardh,</strong></span> <span class='ocrx_word' id='word_1_132' title='bbox 1535 2876 1660 2954; x_wconf 90' lang='lat' dir='ltr'><strong>Nees</strong></span> <span class='ocrx_word' id='word_1_133' title='bbox 1686 2879 1737 2953; x_wconf 92' lang='lat' dir='ltr'><strong>ab</strong></span> <span class='ocrx_word' id='word_1_134' title='bbox 1764 2877 2017 2976; x_wconf 80' lang='lat' dir='ltr'><strong>Esenbeck,</strong></span> 
     </span>
     <span class='ocr_line' id='line_1_16' title="bbox 190 3009 2016 3115; baseline 0 -27"><span class='ocrx_word' id='word_1_135' title='bbox 190 3013 359 3115; x_wconf 88' lang='lat' dir='ltr'><strong>Meyen,</strong></span> <span class='ocrx_word' id='word_1_136' title='bbox 385 3012 480 3091; x_wconf 90' lang='lat' dir='ltr'><strong>Jch.</strong></span> <span class='ocrx_word' id='word_1_137' title='bbox 504 3014 687 3113; x_wconf 83' lang='lat' dir='ltr'><strong>Miiller,</strong></span> <span class='ocrx_word' id='word_1_138' title='bbox 715 3011 825 3092; x_wconf 66' lang='lat'><strong>(211.</strong></span> <span class='ocrx_word' id='word_1_139' title='bbox 851 3009 1056 3113; x_wconf 80' lang='lat' dir='ltr'><strong>Schultz,</strong></span> <span class='ocrx_word' id='word_1_140' title='bbox 1084 3014 1329 3113; x_wconf 74' lang='lat' dir='ltr'><strong>Fritzsche,</strong></span> <span class='ocrx_word' id='word_1_141' title='bbox 1355 3013 1486 3114; x_wconf 88' lang='lat' dir='ltr'><strong>Mohl,</strong></span> <span class='ocrx_word' id='word_1_142' title='bbox 1512 3013 1695 3115; x_wconf 87' lang='lat' dir='ltr'><strong>Mirbcl,</strong></span> <span class='ocrx_word' id='word_1_143' title='bbox 1723 3013 1835 3091; x_wconf 83' lang='lat' dir='ltr'><strong>Bob.</strong></span> <span class='ocrx_word' id='word_1_144' title='bbox 1860 3014 2016 3089; x_wconf 84' lang='lat' dir='ltr'><strong>Brown</strong></span> 
     </span>
    </p>
   </div>
   <div class='ocr_carea' id='block_1_8' title="bbox 39 3130 2017 3252">
    <p class='ocr_par' dir='ltr' id='par_1_9' title="bbox 39 3130 2017 3259">
     <span class='ocr_line' id='line_1_17' title="bbox 39 3130 2017 3252; baseline -0.001 -28"><span class='ocrx_word' id='word_1_145' title='bbox 39 3130 43 3135; x_wconf 34' lang='lat'><strong><em>⁴</em></strong></span> <span class='ocrx_word' id='word_1_146' title='bbox 189 3149 243 3226; x_wconf 91' lang='lat' dir='ltr'><strong>al.</strong></span> <span class='ocrx_word' id='word_1_147' title='bbox 269 3149 444 3250; x_wconf 88' lang='lat' dir='ltr'><strong>nobisque</strong></span> <span class='ocrx_word' id='word_1_148' title='bbox 469 3151 560 3252; x_wconf 91' lang='lat' dir='ltr'><strong>ipsis</strong></span> <span class='ocrx_word' id='word_1_149' title='bbox 585 3150 689 3226; x_wconf 86' lang='lat' dir='ltr'><strong>lactis</strong></span> <span class='ocrx_word' id='word_1_150' title='bbox 715 3162 817 3225; x_wconf 81' lang='lat' dir='ltr'><strong>extra</strong></span> <span class='ocrx_word' id='word_1_151' title='bbox 843 3173 946 3225; x_wconf 89' lang='lat' dir='ltr'><strong>omne</strong></span> <span class='ocrx_word' id='word_1_152' title='bbox 972 3148 1117 3226; x_wconf 91' lang='lat' dir='ltr'><strong>dubium</strong></span> <span class='ocrx_word' id='word_1_153' title='bbox 1143 3161 1200 3227; x_wconf 91' lang='lat' dir='ltr'><strong>est</strong></span> <span class='ocrx_word' id='word_1_154' title='bbox 1224 3151 1390 3252; x_wconf 87' lang='lat' dir='ltr'><strong>positum</strong></span> <span class='ocrx_word' id='word_1_155' title='bbox 1440 3146 1558 3243; x_wconf 74' lang='lat' dir='ltr'><strong>Quem</strong></span> <span class='ocrx_word' id='word_1_156' title='bbox 1590 3151 1681 3228; x_wconf 90' lang='lat' dir='ltr'><strong>ciliis</strong></span> <span class='ocrx_word' id='word_1_157' title='bbox 1715 3174 1785 3226; x_wconf 91' lang='lat' dir='ltr'><strong>non</strong></span> <span class='ocrx_word' id='word_1_158' title='bbox 1819 3148 1909 3224; x_wconf 90' lang='lat' dir='ltr'><strong>ellici</strong></span> <span class='ocrx_word' id='word_1_159' title='bbox 1943 3150 2017 3224; x_wconf 87' lang='lat' dir='ltr'><strong>cir-</strong></span> 
     </span>
    </p>
   </div>
   <div class='ocr_carea' id='block_1_9' title="bbox 152 3283 2131 5148">
    <p class='ocr_par' dir='ltr' id='par_1_10' title="bbox 152 3283 2131 5148">
     <span class='ocr_line' id='line_1_18' title="bbox 189 3283 2015 3391; baseline 0 -31"><span class='ocrx_word' id='word_1_160' title='bbox 189 3285 334 3382; x_wconf 86' lang='lat' dir='ltr'><strong>cuitum,</strong></span> <span class='ocrx_word' id='word_1_161' title='bbox 361 3309 474 3386; x_wconf 91' lang='lat' dir='ltr'><strong>supra</strong></span> <span class='ocrx_word' id='word_1_162' title='bbox 500 3286 529 3381; x_wconf 67' lang='lat'><strong>5.</strong></span> <span class='ocrx_word' id='word_1_163' title='bbox 554 3284 589 3363; x_wconf 83' lang='lat'><strong>3.</strong></span> <span class='ocrx_word' id='word_1_164' title='bbox 615 3285 814 3361; x_wconf 79' lang='lat' dir='ltr'><strong>retulimus,</strong></span> <span class='ocrx_word' id='word_1_165' title='bbox 864 3284 908 3360; x_wconf 91' lang='lat' dir='ltr'><strong>In</strong></span> <span class='ocrx_word' id='word_1_166' title='bbox 936 3285 1146 3362; x_wconf 89' lang='lat' dir='ltr'><strong>animalibus</strong></span> <span class='ocrx_word' id='word_1_167' title='bbox 1170 3309 1259 3391; x_wconf 87' lang='lat' dir='ltr'><strong>vero</strong></span> <span class='ocrx_word' id='word_1_168' title='bbox 1286 3285 1448 3361; x_wconf 89' lang='lat' dir='ltr'><strong>ordinum</strong></span> <span class='ocrx_word' id='word_1_169' title='bbox 1474 3286 1679 3362; x_wconf 83' lang='lat' dir='ltr'><strong>inferiorum</strong></span> <span class='ocrx_word' id='word_1_170' title='bbox 1705 3285 1821 3361; x_wconf 89' lang='lat' dir='ltr'><strong>simile</strong></span> <span class='ocrx_word' id='word_1_171' title='bbox 1839 3283 2015 3384; x_wconf 87' lang='lat' dir='ltr'><strong>quoddam</strong></span> 
     </span>
     <span class='ocr_line' id='line_1_19' title="bbox 188 3416 2016 3522; baseline -0.002 -25"><span class='ocrx_word' id='word_1_172' title='bbox 188 3445 273 3498; x_wconf 86' lang='lat' dir='ltr'><strong>esse</strong></span> <span class='ocrx_word' id='word_1_173' title='bbox 300 3422 530 3498; x_wconf 90' lang='lat' dir='ltr'><strong>observatum</strong></span> <span class='ocrx_word' id='word_1_174' title='bbox 556 3418 616 3495; x_wconf 91' lang='lat' dir='ltr'><strong>vel</strong></span> <span class='ocrx_word' id='word_1_175' title='bbox 642 3420 865 3521; x_wconf 89' lang='lat' dir='ltr'><strong>perhibitum,</strong></span> <span class='ocrx_word' id='word_1_176' title='bbox 892 3422 925 3506; x_wconf 67' lang='lat' dir='ltr'><strong>S.</strong></span> <span class='ocrx_word' id='word_1_177' title='bbox 950 3422 1011 3499; x_wconf 76' lang='lat'><strong>2⁷.</strong></span> <span class='ocrx_word' id='word_1_178' title='bbox 1037 3433 1072 3498; x_wconf 89' lang='lat' dir='ltr'><strong>et</strong></span> <span class='ocrx_word' id='word_1_179' title='bbox 1099 3424 1128 3518; x_wconf 64' lang='grc'><strong>6.</strong></span> <span class='ocrx_word' id='word_1_180' title='bbox 1153 3420 1213 3500; x_wconf 91' lang='grc'><strong>46.</strong></span> <span class='ocrx_word' id='word_1_181' title='bbox 1240 3446 1513 3498; x_wconf 90' lang='lat' dir='ltr'><strong>commemorare</strong></span> <span class='ocrx_word' id='word_1_182' title='bbox 1539 3447 1609 3497; x_wconf 93' lang='lat' dir='ltr'><strong>non</strong></span> <span class='ocrx_word' id='word_1_183' title='bbox 1635 3421 1872 3522; x_wconf 82' lang='lat' dir='ltr'><strong>negleximus.</strong></span> <span class='ocrx_word' id='word_1_184' title='bbox 1909 3416 2016 3522; x_wconf 19' lang='lat' dir='ltr'><strong>,Qua</strong></span> 
     </span>
     <span class='ocr_line' id='line_1_20' title="bbox 188 3554 2015 3657; baseline -0.002 -25"><span class='ocrx_word' id='word_1_185' title='bbox 188 3558 314 3656; x_wconf 90' lang='lat' dir='ltr'><strong>omnia,</strong></span> <span class='ocrx_word' id='word_1_186' title='bbox 343 3583 414 3657; x_wconf 90' lang='lat' dir='ltr'><strong>qua</strong></span> <span class='ocrx_word' id='word_1_187' title='bbox 439 3581 480 3633; x_wconf 91' lang='lat' dir='ltr'><strong>re</strong></span> <span class='ocrx_word' id='word_1_188' title='bbox 507 3557 747 3654; x_wconf 87' lang='lat' dir='ltr'><strong>conficiantur,</strong></span> <span class='ocrx_word' id='word_1_189' title='bbox 769 3557 855 3655; x_wconf 86' lang='lat' dir='ltr'><strong>jure</strong></span> <span class='ocrx_word' id='word_1_190' title='bbox 881 3559 1081 3655; x_wconf 74' lang='lat' dir='ltr'><strong>quaerimus.</strong></span> <span class='ocrx_word' id='word_1_191' title='bbox 1131 3554 1225 3638; x_wconf 76' lang='lat' dir='ltr'><strong>Aut.</strong></span> <span class='ocrx_word' id='word_1_192' title='bbox 1239 3559 1332 3634; x_wconf 92' lang='lat' dir='ltr'><strong>enim</strong></span> <span class='ocrx_word' id='word_1_193' title='bbox 1360 3558 1481 3633; x_wconf 88' lang='lat' dir='ltr'><strong>eadem</strong></span> <span class='ocrx_word' id='word_1_194' title='bbox 1513 3557 1574 3631; x_wconf 88' lang='lat' dir='ltr'><strong>illa</strong></span> <span class='ocrx_word' id='word_1_195' title='bbox 1607 3558 1661 3654; x_wconf 90' lang='lat' dir='ltr'><strong>vi,</strong></span> <span class='ocrx_word' id='word_1_196' title='bbox 1707 3558 1784 3655; x_wconf 81' lang='lat' dir='ltr'><strong>quoe</strong></span> <span class='ocrx_word' id='word_1_197' title='bbox 1818 3556 2015 3655; x_wconf 86' lang='lat' dir='ltr'><strong>plantarum</strong></span> 
     </span>
     <span class='ocr_line' id='line_1_21' title="bbox 188 3690 2014 3803; baseline -0.001 -35"><span class='ocrx_word' id='word_1_198' title='bbox 188 3717 337 3768; x_wconf 90' lang='lat' dir='ltr'><strong>succum</strong></span> <span class='ocrx_word' id='word_1_199' title='bbox 362 3695 399 3767; x_wconf 92' lang='lat' dir='ltr'><strong>in</strong></span> <span class='ocrx_word' id='word_1_200' title='bbox 426 3692 569 3768; x_wconf 88' lang='lat' dir='ltr'><strong>cellulis</strong></span> <span class='ocrx_word' id='word_1_201' title='bbox 596 3691 771 3768; x_wconf 88' lang='lat' dir='ltr'><strong>circulare</strong></span> <span class='ocrx_word' id='word_1_202' title='bbox 791 3691 903 3792; x_wconf 90' lang='lat' dir='ltr'><strong>jnbet,</strong></span> <span class='ocrx_word' id='word_1_203' title='bbox 932 3703 993 3767; x_wconf 92' lang='lat' dir='ltr'><strong>aut</strong></span> <span class='ocrx_word' id='word_1_204' title='bbox 1020 3717 1062 3768; x_wconf 92' lang='lat' dir='ltr'><strong>eo</strong></span> <span class='ocrx_word' id='word_1_205' title='bbox 1089 3693 1267 3768; x_wconf 84' lang='lat' dir='ltr'><strong>excitatur</strong></span> <span class='ocrx_word' id='word_1_206' title='bbox 1293 3704 1340 3803; x_wconf 82' lang='lat' dir='ltr'><strong>et&#39;</strong></span> <span class='ocrx_word' id='word_1_207' title='bbox 1354 3703 1587 3790; x_wconf 88' lang='lat' dir='ltr'><strong>sustentatur,</strong></span> <span class='ocrx_word' id='word_1_208' title='bbox 1616 3690 1709 3790; x_wconf 92' lang='lat' dir='ltr'><strong>quod</strong></span> <span class='ocrx_word' id='word_1_209' title='bbox 1736 3693 1853 3791; x_wconf 87' lang='lat' dir='ltr'><strong>spatii,</strong></span> <span class='ocrx_word' id='word_1_210' title='bbox 1880 3691 1916 3765; x_wconf 89' lang='lat' dir='ltr'><strong>in</strong></span> <span class='ocrx_word' id='word_1_211' title='bbox 1944 3713 2014 3790; x_wconf 91' lang='lat' dir='ltr'><strong>quo</strong></span> 
     </span>
     <span class='ocr_line' id='line_1_22' title="bbox 188 3827 2014 3928; baseline 0 -26"><span class='ocrx_word' id='word_1_212' title='bbox 188 3828 306 3924; x_wconf 88' lang='lat' dir='ltr'><strong>ambit,</strong></span> <span class='ocrx_word' id='word_1_213' title='bbox 334 3851 458 3903; x_wconf 90' lang='lat' dir='ltr'><strong>omnes</strong></span> <span class='ocrx_word' id='word_1_214' title='bbox 484 3830 639 3928; x_wconf 87' lang='lat' dir='ltr'><strong>parietes</strong></span> <span class='ocrx_word' id='word_1_215' title='bbox 666 3828 758 3903; x_wconf 88' lang='lat' dir='ltr'><strong>ciliis</strong></span> <span class='ocrx_word' id='word_1_216' title='bbox 786 3829 953 3903; x_wconf 89' lang='lat' dir='ltr'><strong>continuo</strong></span> <span class='ocrx_word' id='word_1_217' title='bbox 979 3828 1202 3904; x_wconf 88' lang='lat' dir='ltr'><strong>vibrantibus</strong></span> <span class='ocrx_word' id='word_1_218' title='bbox 1228 3827 1445 3928; x_wconf 85' lang='lat' dir='ltr'><strong>fluidumque</strong></span> <span class='ocrx_word' id='word_1_219' title='bbox 1471 3827 1762 3928; x_wconf 89' lang='lat' dir='ltr'><strong>promoventibus</strong></span> <span class='ocrx_word' id='word_1_220' title='bbox 1788 3829 1836 3902; x_wconf 93' lang='lat' dir='ltr'><strong>sit</strong></span> <span class='ocrx_word' id='word_1_221' title='bbox 1854 3827 2014 3903; x_wconf 83' lang='lat' dir='ltr'><strong>obsessa.</strong></span> 
     </span>
     <span class='ocr_line' id='line_1_23' title="bbox 187 3960 2013 4063; baseline 0.001 -27"><span class='ocrx_word' id='word_1_222' title='bbox 187 3961 357 4039; x_wconf 85' lang='lat' dir='ltr'><strong>Alterius</strong></span> <span class='ocrx_word' id='word_1_223' title='bbox 384 3987 523 4038; x_wconf 73' lang='lat' dir='ltr'><strong>caussae</strong></span> <span class='ocrx_word' id='word_1_224' title='bbox 549 3961 822 4039; x_wconf 82' lang='lat' dir='ltr'><strong>verisimilitudo</strong></span> <span class='ocrx_word' id='word_1_225' title='bbox 847 3966 959 4063; x_wconf 89' lang='lat' dir='ltr'><strong>maj0r</strong></span> <span class='ocrx_word' id='word_1_226' title='bbox 984 3988 1068 4038; x_wconf 93' lang='lat' dir='ltr'><strong>num</strong></span> <span class='ocrx_word' id='word_1_227' title='bbox 1094 3964 1152 4061; x_wconf 90' lang='lat' dir='ltr'><strong>sit,</strong></span> <span class='ocrx_word' id='word_1_228' title='bbox 1179 3989 1223 4038; x_wconf 88' lang='lat' dir='ltr'><strong>an</strong></span> <span class='ocrx_word' id='word_1_229' title='bbox 1250 3964 1415 4062; x_wconf 89' lang='lat' dir='ltr'><strong>alterius,</strong></span> <span class='ocrx_word' id='word_1_230' title='bbox 1449 3964 1699 4040; x_wconf 88' lang='lat' dir='ltr'><strong>observatione</strong></span> <span class='ocrx_word' id='word_1_231' title='bbox 1723 3964 1803 4063; x_wconf 91' lang='lat' dir='ltr'><strong>ipsa</strong></span> <span class='ocrx_word' id='word_1_232' title='bbox 1829 3960 2013 4061; x_wconf 87' lang='lat' dir='ltr'><strong>dijudicari</strong></span> 
     </span>
     <span class='ocr_line' id='line_1_24' title="bbox 186 4095 2013 4243; baseline -0.002 -69"><span class='ocrx_word' id='word_1_233' title='bbox 186 4097 391 4243; x_wconf 46' lang='lat' dir='ltr'><strong>pllicillime</strong></span> <span class='ocrx_word' id='word_1_234' title='bbox 403 4107 533 4198; x_wconf 88' lang='lat' dir='ltr'><strong>potest.</strong></span> <span class='ocrx_word' id='word_1_235' title='bbox 576 4095 671 4174; x_wconf 84' lang='lat' dir='ltr'><strong>Cilic</strong></span> <span class='ocrx_word' id='word_1_236' title='bbox 698 4099 852 4173; x_wconf 92' lang='lat' dir='ltr'><strong>enimin</strong></span> <span class='ocrx_word' id='word_1_237' title='bbox 879 4101 1075 4199; x_wconf 89' lang='lat' dir='ltr'><strong>spatiorum</strong></span> <span class='ocrx_word' id='word_1_238' title='bbox 1102 4098 1298 4198; x_wconf 88' lang='lat' dir='ltr'><strong>parietibus</strong></span> <span class='ocrx_word' id='word_1_239' title='bbox 1331 4100 1526 4198; x_wconf 88' lang='lat' dir='ltr'><strong>vibrantia,</strong></span> <span class='ocrx_word' id='word_1_240' title='bbox 1571 4096 1697 4197; x_wconf 91' lang='lat' dir='ltr'><strong>quodsi</strong></span> <span class='ocrx_word' id='word_1_241' title='bbox 1722 4098 1764 4194; x_wconf 64' lang='lat' dir='ltr'><strong>jin</strong></span> <span class='ocrx_word' id='word_1_242' title='bbox 1798 4121 2013 4198; x_wconf 78' lang='lat' dir='ltr'><strong>organorum</strong></span> 
     </span>
     <span class='ocr_line' id='line_1_25' title="bbox 187 4232 2131 4334; baseline -0.002 -25"><span class='ocrx_word' id='word_1_243' title='bbox 187 4234 349 4332; x_wconf 90' lang='lat' dir='ltr'><strong>partibus</strong></span> <span class='ocrx_word' id='word_1_244' title='bbox 375 4233 499 4308; x_wconf 86' lang='lat' dir='ltr'><strong>illaesis</strong></span> <span class='ocrx_word' id='word_1_245' title='bbox 518 4232 615 4307; x_wconf 89' lang='lat' dir='ltr'><strong>cerni</strong></span> <span class='ocrx_word' id='word_1_246' title='bbox 641 4258 710 4308; x_wconf 92' lang='lat' dir='ltr'><strong>non</strong></span> <span class='ocrx_word' id='word_1_247' title='bbox 736 4233 891 4333; x_wconf 90' lang='lat' dir='ltr'><strong>possint,</strong></span> <span class='ocrx_word' id='word_1_248' title='bbox 936 4245 1052 4309; x_wconf 87' lang='lat' dir='ltr'><strong>tamen</strong></span> <span class='ocrx_word' id='word_1_249' title='bbox 1086 4233 1216 4308; x_wconf 88' lang='lat' dir='ltr'><strong>adesse</strong></span> <span class='ocrx_word' id='word_1_250' title='bbox 1242 4236 1430 4332; x_wconf 89' lang='lat' dir='ltr'><strong>nequimus</strong></span> <span class='ocrx_word' id='word_1_251' title='bbox 1462 4257 1613 4334; x_wconf 89' lang='lat' dir='ltr'><strong>negare,</strong></span> <span class='ocrx_word' id='word_1_252' title='bbox 1641 4233 1802 4332; x_wconf 90' lang='lat' dir='ltr'><strong>quoniam</strong></span> <span class='ocrx_word' id='word_1_253' title='bbox 1830 4232 2013 4308; x_wconf 79' lang='lat' dir='ltr'><strong>dissecare</strong></span> <span class='ocrx_word' id='word_1_254' title='bbox 2128 4240 2131 4245; x_wconf 83' lang='grc'><strong>’</strong></span> 
     </span>
     <span class='ocr_line' id='line_1_26' title="bbox 187 4368 2012 4481; baseline -0.002 -37"><span class='ocrx_word' id='word_1_255' title='bbox 187 4371 354 4467; x_wconf 89' lang='lat' dir='ltr'><strong>parietes,</strong></span> <span class='ocrx_word' id='word_1_256' title='bbox 382 4368 567 4444; x_wconf 86' lang='lat' dir='ltr'><strong>reflectere</strong></span> <span class='ocrx_word' id='word_1_257' title='bbox 593 4394 635 4444; x_wconf 85' lang='lat' dir='ltr'><strong>ac</strong></span> <span class='ocrx_word' id='word_1_258' title='bbox 662 4368 837 4467; x_wconf 88' lang='lat' dir='ltr'><strong>replicare</strong></span> <span class='ocrx_word' id='word_1_259' title='bbox 863 4392 932 4444; x_wconf 95' lang='lat' dir='ltr'><strong>non</strong></span> <span class='ocrx_word' id='word_1_260' title='bbox 958 4393 1168 4469; x_wconf 85' lang='lat' dir='ltr'><strong>possumus3</strong></span> <span class='ocrx_word' id='word_1_261' title='bbox 1197 4368 1296 4481; x_wconf 60' lang='lat' dir='ltr'><strong>quod</strong></span> <span class='ocrx_word' id='word_1_262' title='bbox 1318 4395 1425 4445; x_wconf 91' lang='lat' dir='ltr'><strong>unum</strong></span> <span class='ocrx_word' id='word_1_263' title='bbox 1453 4383 1509 4444; x_wconf 88' lang='lat' dir='ltr'><strong>est</strong></span> <span class='ocrx_word' id='word_1_264' title='bbox 1536 4394 1577 4443; x_wconf 88' lang='lat' dir='ltr'><strong>ac</strong></span> <span class='ocrx_word' id='word_1_265' title='bbox 1603 4370 1788 4468; x_wconf 90' lang='lat' dir='ltr'><strong>princeps,</strong></span> <span class='ocrx_word' id='word_1_266' title='bbox 1823 4392 1892 4467; x_wconf 90' lang='lat' dir='ltr'><strong>quo</strong></span> <span class='ocrx_word' id='word_1_267' title='bbox 1929 4390 2012 4441; x_wconf 91' lang='lat' dir='ltr'><strong>cer·</strong></span> 
     </span>
     <span class='ocr_line' id='line_1_27' title="bbox 186 4502 2007 4605; baseline 0 -27"><span class='ocrx_word' id='word_1_268' title='bbox 186 4505 335 4601; x_wconf 88' lang='lat' dir='ltr'><strong>tissime,</strong></span> <span class='ocrx_word' id='word_1_269' title='bbox 362 4518 481 4580; x_wconf 89' lang='lat' dir='ltr'><strong>motus</strong></span> <span class='ocrx_word' id='word_1_270' title='bbox 507 4504 726 4580; x_wconf 88' lang='lat' dir='ltr'><strong>vibratorius</strong></span> <span class='ocrx_word' id='word_1_271' title='bbox 752 4528 836 4578; x_wconf 93' lang='lat' dir='ltr'><strong>num</strong></span> <span class='ocrx_word' id='word_1_272' title='bbox 862 4502 966 4602; x_wconf 88' lang='lat' dir='ltr'><strong>adsit,</strong></span> <span class='ocrx_word' id='word_1_273' title='bbox 994 4530 1060 4580; x_wconf 93' lang='lat' dir='ltr'><strong>nec</strong></span> <span class='ocrx_word' id='word_1_274' title='bbox 1086 4529 1141 4603; x_wconf 95' lang='lat' dir='ltr'><strong>ne,</strong></span> <span class='ocrx_word' id='word_1_275' title='bbox 1169 4504 1392 4605; x_wconf 87' lang='lat' dir='ltr'><strong>dijudicetur.</strong></span> <span class='ocrx_word' id='word_1_276' title='bbox 1443 4503 1528 4579; x_wconf 87' lang='lat' dir='ltr'><strong>Huc</strong></span> <span class='ocrx_word' id='word_1_277' title='bbox 1554 4502 1700 4601; x_wconf 82' lang='lat' dir='ltr'><strong>accedit,</strong></span> <span class='ocrx_word' id='word_1_278' title='bbox 1729 4502 1824 4603; x_wconf 95' lang='lat' dir='ltr'><strong>quod</strong></span> <span class='ocrx_word' id='word_1_279' title='bbox 1850 4525 2007 4602; x_wconf 91' lang='lat' dir='ltr'><strong>organo·</strong></span> 
     </span>
     <span class='ocr_line' id='line_1_28' title="bbox 185 4626 2011 4740; baseline -0.001 -27"><span class='ocrx_word' id='word_1_280' title='bbox 185 4662 283 4735; x_wconf 91' lang='lat' dir='ltr'><strong>rum,</strong></span> <span class='ocrx_word' id='word_1_281' title='bbox 318 4639 353 4713; x_wconf 90' lang='lat' dir='ltr'><strong>in</strong></span> <span class='ocrx_word' id='word_1_282' title='bbox 381 4641 510 4740; x_wconf 91' lang='lat' dir='ltr'><strong>quibus</strong></span> <span class='ocrx_word' id='word_1_283' title='bbox 536 4649 655 4714; x_wconf 89' lang='lat' dir='ltr'><strong>motus</strong></span> <span class='ocrx_word' id='word_1_284' title='bbox 681 4638 897 4714; x_wconf 89' lang='lat' dir='ltr'><strong>vibratorius</strong></span> <span class='ocrx_word' id='word_1_285' title='bbox 923 4637 1016 4713; x_wconf 89' lang='lat' dir='ltr'><strong>baud</strong></span> <span class='ocrx_word' id='word_1_286' title='bbox 1043 4638 1150 4716; x_wconf 89' lang='lat' dir='ltr'><strong>dubie</strong></span> <span class='ocrx_word' id='word_1_287' title='bbox 1175 4626 1347 4738; x_wconf 81' lang='lat' dir='ltr'><strong>occurrit,</strong></span> <span class='ocrx_word' id='word_1_288' title='bbox 1383 4651 1501 4716; x_wconf 89' lang='lat' dir='ltr'><strong>status</strong></span> <span class='ocrx_word' id='word_1_289' title='bbox 1535 4637 1677 4738; x_wconf 90' lang='lat' dir='ltr'><strong>quidam</strong></span> <span class='ocrx_word' id='word_1_290' title='bbox 1710 4662 1753 4712; x_wconf 90' lang='lat' dir='ltr'><strong>ac</strong></span> <span class='ocrx_word' id='word_1_291' title='bbox 1783 4637 2011 4712; x_wconf 82' lang='lat' dir='ltr'><strong>conformatio</strong></span> 
     </span>
     <span class='ocr_line' id='line_1_29' title="bbox 185 4772 2010 4876; baseline -0.001 -26"><span class='ocrx_word' id='word_1_292' title='bbox 185 4774 410 4852; x_wconf 89' lang='lat' dir='ltr'><strong>observatori</strong></span> <span class='ocrx_word' id='word_1_293' title='bbox 436 4777 549 4876; x_wconf 90' lang='lat' dir='ltr'><strong>primo</strong></span> <span class='ocrx_word' id='word_1_294' title='bbox 576 4774 635 4849; x_wconf 90' lang='lat' dir='ltr'><strong>vel</strong></span> <span class='ocrx_word' id='word_1_295' title='bbox 662 4774 791 4849; x_wconf 89' lang='lat' dir='ltr'><strong>leviter</strong></span> <span class='ocrx_word' id='word_1_296' title='bbox 816 4775 964 4849; x_wconf 91' lang='lat' dir='ltr'><strong>intuenti</strong></span> <span class='ocrx_word' id='word_1_297' title='bbox 993 4774 1156 4848; x_wconf 81' lang='lat' dir='ltr'><strong>facillime</strong></span> <span class='ocrx_word' id='word_1_298' title='bbox 1182 4777 1368 4850; x_wconf 90' lang='lat' dir='ltr'><strong>circuitum</strong></span> <span class='ocrx_word' id='word_1_299' title='bbox 1413 4799 1539 4848; x_wconf 90' lang='lat' dir='ltr'><strong>verum</strong></span> <span class='ocrx_word' id='word_1_300' title='bbox 1581 4773 1743 4869; x_wconf 90' lang='lat' dir='ltr'><strong>simulet,</strong></span> <span class='ocrx_word' id='word_1_301' title='bbox 1780 4772 1874 4871; x_wconf 94' lang='lat' dir='ltr'><strong>quod</strong></span> <span class='ocrx_word' id='word_1_302' title='bbox 1910 4798 1945 4849; x_wconf 87' lang='lat' dir='ltr'><strong>v.</strong></span> <span class='ocrx_word' id='word_1_303' title='bbox 1980 4796 2010 4848; x_wconf 90' lang='lat' dir='ltr'><strong>c.</strong></span> 
     </span>
     <span class='ocr_line' id='line_1_30' title="bbox 152 4904 2010 5010; baseline -0.004 -23"><span class='ocrx_word' id='word_1_304' title='bbox 152 4934 232 5005; x_wconf 66' lang='lat' dir='ltr'><strong>,ex</strong></span> <span class='ocrx_word' id='word_1_305' title='bbox 257 4912 428 4988; x_wconf 89' lang='lat' dir='ltr'><strong>unionum</strong></span> <span class='ocrx_word' id='word_1_306' title='bbox 454 4923 560 5010; x_wconf 91' lang='lat' dir='ltr'><strong>atque</strong></span> <span class='ocrx_word' id='word_1_307' title='bbox 587 4909 840 4985; x_wconf 87' lang='lat' dir='ltr'><strong>anadontarum</strong></span> <span class='ocrx_word' id='word_1_308' title='bbox 866 4909 1043 4986; x_wconf 87' lang='lat' dir='ltr'><strong>branchiis</strong></span> <span class='ocrx_word' id='word_1_309' title='bbox 1076 4934 1187 5009; x_wconf 90' lang='lat' dir='ltr'><strong>supra</strong></span> <span class='ocrx_word' id='word_1_310' title='bbox 1221 4911 1250 5004; x_wconf 68' lang='grc'><strong>6.</strong></span> <span class='ocrx_word' id='word_1_311' title='bbox 1283 4909 1344 4987; x_wconf 87' lang='grc'><strong>46.</strong></span> <span class='ocrx_word' id='word_1_312' title='bbox 1368 4910 1442 5008; x_wconf 88' lang='lat' dir='ltr'><strong>jam</strong></span> <span class='ocrx_word' id='word_1_313' title='bbox 1482 4908 1679 4985; x_wconf 88' lang='lat' dir='ltr'><strong>retulimus.</strong></span> <span class='ocrx_word' id='word_1_314' title='bbox 1731 4904 1853 4999; x_wconf 72' lang='lat' dir='ltr'><strong>Ouidi</strong></span> <span class='ocrx_word' id='word_1_315' title='bbox 1896 4930 2010 4981; x_wconf 93' lang='lat' dir='ltr'><strong>nonne</strong></span> 
     </span>
     <span class='ocr_line' id='line_1_31' title="bbox 184 5041 2003 5148; baseline -0.003 -25"><span class='ocrx_word' id='word_1_316' title='bbox 184 5043 263 5123; x_wconf 85' lang='lat' dir='ltr'><strong>lieri</strong></span> <span class='ocrx_word' id='word_1_317' title='bbox 285 5048 417 5148; x_wconf 87' lang='lat' dir='ltr'><strong>possit,</strong></span> <span class='ocrx_word' id='word_1_318' title='bbox 443 5055 485 5122; x_wconf 87' lang='lat' dir='ltr'><strong>ut</strong></span> <span class='ocrx_word' id='word_1_319' title='bbox 519 5044 729 5124; x_wconf 83' lang='lat' dir='ltr'><strong>Sertulariae</strong></span> <span class='ocrx_word' id='word_1_320' title='bbox 760 5045 967 5120; x_wconf 84' lang='lat' dir='ltr'><strong>adcuratius</strong></span> <span class='ocrx_word' id='word_1_321' title='bbox 993 5046 1163 5144; x_wconf 77' lang='lat' dir='ltr'><strong>inspecte</strong></span> <span class='ocrx_word' id='word_1_322' title='bbox 1195 5057 1231 5121; x_wconf 92' lang='lat' dir='ltr'><strong>et</strong></span> <span class='ocrx_word' id='word_1_323' title='bbox 1257 5057 1462 5145; x_wconf 76' lang='lat' dir='ltr'><strong>preparata</strong></span> <span class='ocrx_word' id='word_1_324' title='bbox 1486 5069 1583 5120; x_wconf 82' lang='lat' dir='ltr'><strong>vere</strong></span> <span class='ocrx_word' id='word_1_325' title='bbox 1626 5042 1707 5117; x_wconf 90' lang='lat' dir='ltr'><strong>huic</strong></span> <span class='ocrx_word' id='word_1_326' title='bbox 1733 5067 1808 5117; x_wconf 91' lang='lat' dir='ltr'><strong>rem</strong></span> <span class='ocrx_word' id='word_1_327' title='bbox 1834 5041 2003 5136; x_wconf 80' lang='lat' dir='ltr'><strong>docendae</strong></span> 
     </span>
    </p>
   </div>
   <div class='ocr_carea' id='block_1_10' title="bbox 184 5177 2009 5342">
    <p class='ocr_par' dir='ltr' id='par_1_11' title="bbox 184 5177 2009 5342">
     <span class='ocr_line' id='line_1_32' title="bbox 184 5177 2009 5342; baseline -0.004 -84"><span class='ocrx_word' id='word_1_328' title='bbox 184 5206 252 5260; x_wconf 83' lang='lat' dir='ltr'><strong>nos</strong></span> <span class='ocrx_word' id='word_1_329' title='bbox 270 5193 361 5284; x_wconf 80' lang='lat' dir='ltr'><strong>apta</strong></span> <span class='ocrx_word' id='word_1_330' title='bbox 376 5183 475 5259; x_wconf 68' lang='lat' dir='ltr'><strong>sint?</strong></span> <span class='ocrx_word' id='word_1_331' title='bbox 507 5178 599 5275; x_wconf 74' lang='lat' dir='ltr'><strong>Quae</strong></span> <span class='ocrx_word' id='word_1_332' title='bbox 617 5190 656 5257; x_wconf 90' lang='lat' dir='ltr'><strong>ut</strong></span> <span class='ocrx_word' id='word_1_333' title='bbox 681 5204 765 5257; x_wconf 85' lang='lat' dir='ltr'><strong>mox</strong></span> <span class='ocrx_word' id='word_1_334' title='bbox 791 5181 886 5280; x_wconf 85' lang='lat' dir='ltr'><strong>hant,</strong></span> <span class='ocrx_word' id='word_1_335' title='bbox 914 5179 1044 5281; x_wconf 82' lang='lat' dir='ltr'><strong>quibus</strong></span> <span class='ocrx_word' id='word_1_336' title='bbox 1071 5205 1130 5257; x_wconf 91' lang='lat' dir='ltr'><strong>res</strong></span> <span class='ocrx_word' id='word_1_337' title='bbox 1155 5193 1351 5257; x_wconf 88' lang='lat' dir='ltr'><strong>memoratu</strong></span> <span class='ocrx_word' id='word_1_338' title='bbox 1377 5181 1586 5284; x_wconf 82' lang='lat' dir='ltr'><strong>dignissima</strong></span> <span class='ocrx_word' id='word_1_339' title='bbox 1612 5177 1847 5342; x_wconf 70' lang='lat' dir='ltr'><strong>physiqlqgie</strong></span> <span class='ocrx_word' id='word_1_340' title='bbox 1869 5177 2009 5253; x_wconf 87' lang='lat' dir='ltr'><strong>animali</strong></span> 
     </span>
    </p>
   </div>
   <div class='ocr_carea' id='block_1_11' title="bbox 0 0 2348 6038">
    <p class='ocr_par' dir='ltr' id='par_1_12' title="bbox 0 0 2348 6038">
     <span class='ocr_line' id='line_1_33' title="bbox 0 0 2348 6038; baseline 0 3"><span class='ocrx_word' id='word_1_341' title='bbox 0 0 2348 6038; x_wconf 95' lang='lat' dir='ltr'><strong> </strong></span> 
     </span>
    </p>
   </div>
  </div>
 </body>
</html>
