4688 6038
1078 545 1282 621 ...51-

270 751 406 811 temam
431 731 548 807 diliert
569 733 664 808 inter
689 754 732 807 se
757 742 905 807 externa
921 732 1131 830 internaque
1146 732 1331 812 branchia·
1349 732 1438 808 llaec
1455 734 1547 807 enim
1564 733 1679 809 libero
1698 735 1808 809 utitur
1825 735 1934 834 adito,
1962 739 2088 813 imme-

270 870 365 944 diate
390 879 599 943 transeunte
623 869 659 942 in
685 868 817 944 seriem
843 866 1052 965 loculorum,
1080 868 1138 966 qui
1166 893 1282 968 usqne
1308 868 1353 944 ad
1378 871 1572 969 marginem
1603 868 1777 944 branchiae
1793 872 1994 948 interiorem
2019 899 2087 948 ex-

223 1072 226 1076 .
268 1003 681 1099 tenduntnr;·illavero,
710 1013 795 1101 quot
821 1013 930 1078 coste
955 1004 1036 1077 sive
1060 1005 1158 1079 stria
1183 1021 1278 1100 sunt,
1304 1017 1357 1081 tot
1383 1005 1522 1102 loculis,
1549 1027 1618 1079 non
1651 1004 1762 1080 libere
1782 1008 1932 1106 quidem,
1959 1008 2087 1083 sedin

269 1140 428 1214 canalem
441 1139 542 1214 illum
557 1136 858 1240 longitudinalem,
874 1137 1080 1213 oviductnm
1096 1140 1579 1238 nonnullisdictum‚apertis.
1604 1139 1651 1213 lli
1668 1144 1861 1238 presertim
1876 1145 1912 1218 iu
1930 1144 2085 1237 orificiis,

265 1276 318 1349 illi
336 1297 425 1350 vero
438 1297 504 1374 per
519 1284 628 1349 totam
642 1273 898 1372 longitudinem
911 1273 1220 1349 vehementissime
1229 1276 1429 1352 vibrant—
1455 1276 1635 1350 Praeterea
1650 1276 1686 1349 in
1701 1300 1835 1377 organo
1849 1302 1929 1352 cum
1944 1280 2087 1377 pulmo-

266 1409 372 1487 nibus
415 1432 437 1484 a
474 1408 654 1485 nonnullis
681 1419 884 1506 comparato
910 1430 1003 1508 pone
1029 1433 1132 1482 anum
1159 1411 1229 1484 sito
1255 1423 1386 1484 motum
1413 1411 1682 1485 deteximus—
1712 1409 1885 1509 Apodum
1901 1427 2033 1488 motum
2051 1415 2086 1488 in

271 1545 419 1645 organis
440 1545 681 1643 respiratoriis
707 1543 851 1619 obvium
877 1543 1045 1644 Meyen
1072 1556 1107 1619 et
1132 1545 1289 1619 lai-ster
1314 1545 1431 1619 sosius
1457 1544 1734 1643 descripserunt.

419 1676 453 1754 o.
480 1677 540 1753 De
566 1678 756 1754 insectis
783 1704 817 1756 v.
843 1703 896 1777 ea,
925 1703 1003 1777 que
1029 1681 1144 1777 capite
1171 1679 1390 1754 antecedenti
1418 1680 1584 1754 diximus.

417 1815 452 1890 7.
479 1812 749 1914 Polymeria
801 1812 891 1906 011ae
909 1813 1216 1890 Gruithuisen
1242 1817 1276 1889 in
1303 1815 1468 1912 Daphnin
1495 1815 1766 1912 observaverat,
1802 1815 1870 1891 buc
1895 1814 1990 1891 haud
2016 1815 2086 1890 du·

265 1951 322 2027 bie
349 1951 536 2048 pertinent,
555 1947 685 2024 Astaci
704 1974 793 2024 vero
810 1949 1205 2025 lluviatilis⁴brancbias
1231 1952 1431 2025 certissime
1456 1975 1527 2025 non
1551 1952 1686 2024 moveri
1705 1953 1843 2048 experti
1861 1975 1928 2026 uos
1950 1974 2086 2027 sumus.

280 2085 290 2100 '
417 2082 452 2159 8.
478 2082 724 2159 Annulata
774 2082 1021 2158 Recensende
1046 2096 1131 2160 sunt
1156 2086 1425 2161 observationes
1467 2088 1504 2160 in
1530 2084 1649 2159 Naide
1692 2086 1735 2160 ab
1763 2083 1808 2162 0.
1834 2085 1876 2161 F.
1901 2085 2083 2182 Miller,

265 2217 570 2297 Gruithuiseu
597 2233 632 2293 et
657 2217 918 2318 Illrreoberg
943 2217 1052 2295 lacte
2102 2224 2107 2231 ’

417 2354 451 2430 9.
478 2353 538 2429 De
564 2353 814 2429 Protozois
855 2378 890 2431 v.
934 2377 993 2453 aa,
1038 2379 1116 2453 que
1141 2351 1187 2427 de
1212 2365 1410 2455 systemate
1436 2368 1586 2429 cotoneo
1613 2368 1648 2428 et
1675 2355 1894 2462 alimentaria
1919 2354 2085 2432 divimus

266 2490 446 2565 Praeterea
472 2488 646 2565 branchiae
672 2489 920 2563 rotatoriorum
946 2489 1101 2586 interne,
1129 2489 1172 2563 ab
1198 2487 1472 2588 Ehrenberg
1505 2491 1762 2569 recentissimis
1773 2491 1991 2589 temporibus
2018 2490 2084 2564 de-

264 2636 366 2700 tectae
392 2623 458 2726 (ci.
484 2627 517 2711 8.
543 2623 627 2724 30..)
654 2625 690 2700 in
716 2623 782 2700 boc
808 2624 888 2700 loco
912 2622 1084 2723 ponenda
1109 2647 1193 2699 esse
1212 2623 1396 2699 videntur.

1123 2896 1157 2980 8.
1182 2895 1243 2972 47.

905 3025 977 3106 Ν.
1028 3026 1214 3106 srsrrun
1241 3053 1440 3105 corrosor..

414 3161 451 3237 1.
477 3158 745 3237 Mammalit.
794 3160 1037 3238 Mammalium
1063 3163 1280 3265 oviductum,
1311 3176 1454 3239 uterum
1496 3175 1532 3236 et
1565 3164 1733 3263 vaginam
1750 3176 1860 3237 motu
1888 3163 2081 3238 vibratorio

261 3300 314 3375 uti
340 3321 407 3374 nos
434 3296 584 3394 primum
609 3294 822 3372 deteximus
873 3293 989 3389 Quem
1014 3323 1101 3374 vero
1128 3302 1164 3375 in
1189 3300 1318 3375 bestiis
1336 3299 1538 3396 junioribus
1565 3323 1633 3371 nrm
1660 3300 1791 3398 inesse,
1819 3299 2081 3373 observationi-

260 3435 331 3510 bus
357 3430 545 3531 permultis
560 3430 687 3505 edocti
713 3453 859 3528 sumus,
887 3444 927 3507 ut
952 3431 1033 3508 inde
1060 3434 1274 3510 evolationis
1301 3433 1441 3534 quidam
1467 3431 1603 3532 gradus
1630 3433 1675 3506 ad
1692 3446 1824 3508 motum
1841 3434 1933 3509 bunc
1951 3435 1987 3507 in
2013 3457 2080 3533 sy-

260 3577 413 3644 stemate
437 3566 586 3666 genitali
613 3566 756 3642 obvium
782 3570 1011 3642 necessarius
1038 3591 1121 3643 esse
1147 3568 1321 3645 videntum.
1371 3566 1456 3642 Nec
1480 3566 1632 3641 delicere
1657 3568 1884 3667 graviditatis
1910 3580 2078 3667 tempore,

260 3705 323 3780 ubi
348 3704 384 3777 iu
411 3702 613 3777 interstitiis
639 3726 660 3775 a
687 3700 807 3778 cborio
833 3703 961 3778 vacuis
986 3705 1179 3801 reperitur,
1206 3728 1274 3779 neo
1291 3703 1387 3777 illico
1404 3713 1486 3800 post
1505 3718 1657 3800 partum,
1678 3702 1863 3777 adfirmare
1881 3705 2079 3778 certissime

261 3839 436 3914 valemus
487 3835 622 3911 Tamen
648 3860 717 3912 noo
744 3861 825 3912 raro
851 3838 953 3913 nobis
979 3837 1131 3936 accidit,·
1148 3852 1189 3914 ut
1215 3840 1249 3914 in
1276 3838 1519 3913 mammalibus
1545 3839 1588 3910 ab
1615 3840 1708 3913 omni
1735 3838 1927 3938 ombryone
1951 3840 2078 3914 vacuis

260 3986 393 4049 motum
418 3970 537 4046 solum
562 3973 597 4047 in
623 3971 728 4046 labiis
754 3973 904 4048 uterinis
930 3973 1178 4070 reperiremus.
1229 3971 1337 4066 Quod
1362 3974 1465 4049 facile
1492 3996 1571 4047 com
1590 3972 1877 4073 desqupamatioue
1902 3973 2078 4048 membra-

259 4133 384 4186 narum
412 4107 627 4182 vibrantium
652 4106 834 4183 coherere
858 4119 986 4207 potest.

411 4241 541 4344 Incipit
567 4242 778 4343 plerumque
803 4267 826 4317 a
850 4242 943 4317 tuba
969 4242 1030 4319 lini
1056 4254 1092 4318 et
1117 4241 1165 4317 ad
1189 4255 1376 4317 externum
1401 4242 1613 4352 genitalium
1636 4244 1852 4319 intemorum
1867 4241 1972 4316 linem
1989 4266 2076 4341 pro-

143 4392 145 4400 *
259 4376 432 4478 greditur.

408 4513 445 4589 2.
471 4510 572 4588 Idem
598 4510 643 4587 de
669 4508 850 4586 Avibus
875 4521 911 4584 et

407 4645 443 4724 3.
468 4646 514 4722 de
538 4643 800 4748 Ampbibiis
825 4659 882 4720 est
908 4619 1107 4720 dicendum
1608 4732 1609 4737 Ἰ

408 4779 444 4857 d.
469 4780 676 4859 Piscium
702 4803 791 4857 vero
815 4781 1047 4879 peritoneum,
1073 4777 1169 4878 quod
1195 4779 1353 4856 oviducti
1371 4778 1511 4853 vicibus
1527 4778 1686 4878 gaudere
1705 4779 1856 4871 videtur,
1876 4781 2072 4854 certissime

255 4939 324 4992 non
350 4914 479 4993 vibrat.

405 5051 441 5128 5.
468 5045 574 5143 ouoo
602 5050 646 5125 ad
671 5046 914 5146 Mollusca,
941 5047 987 5123 de
1012 5045 1325 5148 Pelecypodis
1350 5059 1483 5122 tantum
1504 5047 1698 5146 loquimur,
1725 5071 1872 5147 quornm
1899 5048 2079 5145 observafss

256 5186 372 5262 tiones
396 5210 463 5263 uos
488 5187 558 5287 ipsi
585 5187 814 5264 instituimus.
865 5181 1039 5261 orarium
1065 5182 1206 5282 quidem
1232 5207 1391 5284 organon
1417 5183 1610 5257 discretum
1636 5205 1720 5257 esse
1746 5204 1814 5257 non
1832 5183 1984 5274 videtum
2012 5194 2071 5256 ta-

1818 5279 1860 5344 70
