<?xml version="1.0" encoding="UTF-8"?>
<!DOCTYPE html PUBLIC "-//W3C//DTD XHTML 1.0 Transitional//EN"
    "http://www.w3.org/TR/xhtml1/DTD/xhtml1-transitional.dtd">
<html xmlns="http://www.w3.org/1999/xhtml" xml:lang="en" lang="en">
 <head>
  <title>
</title>
<meta http-equiv="Content-Type" content="text/html;charset=utf-8" />
  <meta name='ocr-system' content='tesseract 3.04.00' />
  <meta name='ocr-capabilities' content='ocr_page ocr_carea ocr_par ocr_line ocrx_word'/>
</head>
<body>
  <div class='ocr_page' id='page_1' title='image "./dephaenomenogen00purkgoog_0045.png"; bbox 0 0 4688 6038; ppageno 0'>
   <div class='ocr_carea' id='block_1_1' title="bbox 1081 524 1284 603">
    <p class='ocr_par' dir='ltr' id='par_1_1' title="bbox 1081 524 1284 603">
     <span class='ocr_line' id='line_1_1' title="bbox 1081 524 1284 603; baseline -0.01 -21"><span class='ocrx_word' id='word_1_1' title='bbox 1081 524 1284 603; x_wconf 69' lang='lat'>..⁶0-</span> 
     </span>
    </p>
   </div>
   <div class='ocr_carea' id='block_1_2' title="bbox 262 710 2095 1223">
    <p class='ocr_par' dir='ltr' id='par_1_2' title="bbox 262 710 2095 1223">
     <span class='ocr_line' id='line_1_2' title="bbox 263 710 2093 814; baseline 0.003 -22"><span class='ocrx_word' id='word_1_2' title='bbox 263 715 358 792; x_wconf 76' lang='lat' dir='ltr'><strong>clius</strong></span> <span class='ocrx_word' id='word_1_3' title='bbox 383 711 467 787; x_wconf 88' lang='lat' dir='ltr'><strong>cilia</strong></span> <span class='ocrx_word' id='word_1_4' title='bbox 491 711 584 788; x_wconf 91' lang='lat' dir='ltr'><strong>inter</strong></span> <span class='ocrx_word' id='word_1_5' title='bbox 609 710 770 788; x_wconf 89' lang='lat' dir='ltr'><strong>ciliorum</strong></span> <span class='ocrx_word' id='word_1_6' title='bbox 797 713 892 790; x_wconf 89' lang='lat' dir='ltr'><strong>alius</strong></span> <span class='ocrx_word' id='word_1_7' title='bbox 917 715 1035 813; x_wconf 88' lang='lat' dir='ltr'><strong>spatia</strong></span> <span class='ocrx_word' id='word_1_8' title='bbox 1068 711 1273 812; x_wconf 88' lang='lat' dir='ltr'><strong>adpareant.</strong></span> <span class='ocrx_word' id='word_1_9' title='bbox 1324 710 1408 788; x_wconf 91' lang='lat' dir='ltr'><strong>Nec</strong></span> <span class='ocrx_word' id='word_1_10' title='bbox 1450 726 1618 814; x_wconf 90' lang='lat' dir='ltr'><strong>segetum</strong></span> <span class='ocrx_word' id='word_1_11' title='bbox 1660 715 1801 791; x_wconf 90' lang='lat' dir='ltr'><strong>illarum</strong></span> <span class='ocrx_word' id='word_1_12' title='bbox 1837 740 2093 797; x_wconf 73' lang='lat' dir='ltr'>concussurum</span> 
     </span>
     <span class='ocr_line' id='line_1_3' title="bbox 263 847 2095 947; baseline 0.002 -22"><span class='ocrx_word' id='word_1_13' title='bbox 263 849 418 926; x_wconf 87' lang='lat' dir='ltr'><strong>delicere</strong></span> <span class='ocrx_word' id='word_1_14' title='bbox 444 848 600 922; x_wconf 88' lang='lat' dir='ltr'><strong>vidimus</strong></span> <span class='ocrx_word' id='word_1_15' title='bbox 618 851 783 946; x_wconf 87' lang='lat' dir='ltr'><strong>speciem</strong></span> <span class='ocrx_word' id='word_1_16' title='bbox 808 850 845 923; x_wconf 93' lang='lat' dir='ltr'><strong>in</strong></span> <span class='ocrx_word' id='word_1_17' title='bbox 871 851 1038 926; x_wconf 91' lang='lat' dir='ltr'><strong>intestino</strong></span> <span class='ocrx_word' id='word_1_18' title='bbox 1056 847 1250 945; x_wconf 87' lang='lat' dir='ltr'><strong>Uniunum,</strong></span> <span class='ocrx_word' id='word_1_19' title='bbox 1278 849 1381 947; x_wconf 87' lang='lat' dir='ltr'><strong>cujus</strong></span> <span class='ocrx_word' id='word_1_20' title='bbox 1408 861 1443 923; x_wconf 90' lang='lat' dir='ltr'><strong>et</strong></span> <span class='ocrx_word' id='word_1_21' title='bbox 1470 862 1618 924; x_wconf 84' lang='lat' dir='ltr'><strong>externa</strong></span> <span class='ocrx_word' id='word_1_22' title='bbox 1642 851 1752 926; x_wconf 78' lang='lat' dir='ltr'><strong>facies</strong></span> <span class='ocrx_word' id='word_1_23' title='bbox 1787 853 1935 928; x_wconf 90' lang='lat' dir='ltr'><strong>vibrans</strong></span> <span class='ocrx_word' id='word_1_24' title='bbox 1969 852 2095 929; x_wconf 91' lang='lat' dir='ltr'><strong>eodem</strong></span> 
     </span>
     <span class='ocr_line' id='line_1_4' title="bbox 262 983 2094 1087; baseline 0.002 -27"><span class='ocrx_word' id='word_1_25' title='bbox 262 984 470 1083; x_wconf 87' lang='lat' dir='ltr'><strong>spectaculo</strong></span> <span class='ocrx_word' id='word_1_26' title='bbox 496 986 765 1061; x_wconf 79' lang='lat' dir='ltr'><strong>observatorem</strong></span> <span class='ocrx_word' id='word_1_27' title='bbox 791 983 955 1061; x_wconf 86' lang='lat' dir='ltr'><strong>delectat.</strong></span> <span class='ocrx_word' id='word_1_28' title='bbox 1006 985 1050 1059; x_wconf 93' lang='lat' dir='ltr'><strong>In</strong></span> <span class='ocrx_word' id='word_1_29' title='bbox 1076 984 1286 1059; x_wconf 84' lang='lat' dir='ltr'><strong>animalibus</strong></span> <span class='ocrx_word' id='word_1_30' title='bbox 1311 986 1537 1083; x_wconf 81' lang='lat' dir='ltr'><strong>superiorum</strong></span> <span class='ocrx_word' id='word_1_31' title='bbox 1556 985 1717 1060; x_wconf 80' lang='lat' dir='ltr'><strong>ordinum</strong></span> <span class='ocrx_word' id='word_1_32' title='bbox 1735 989 1784 1062; x_wconf 89' lang='lat' dir='ltr'><strong>ita</strong></span> <span class='ocrx_word' id='word_1_33' title='bbox 1810 987 1985 1087; x_wconf 87' lang='lat' dir='ltr'><strong>disposita</strong></span> <span class='ocrx_word' id='word_1_34' title='bbox 2011 1014 2094 1064; x_wconf 88' lang='lat' dir='ltr'><strong>esse</strong></span> 
     </span>
     <span class='ocr_line' id='line_1_5' title="bbox 263 1120 2095 1223; baseline 0.002 -27"><span class='ocrx_word' id='word_1_35' title='bbox 263 1120 449 1216; x_wconf 89' lang='lat' dir='ltr'><strong>videntur,</strong></span> <span class='ocrx_word' id='word_1_36' title='bbox 476 1130 516 1195; x_wconf 89' lang='lat' dir='ltr'><strong>ut</strong></span> <span class='ocrx_word' id='word_1_37' title='bbox 548 1120 584 1194; x_wconf 92' lang='lat' dir='ltr'><strong>in</strong></span> <span class='ocrx_word' id='word_1_38' title='bbox 608 1122 771 1220; x_wconf 85' lang='lat' dir='ltr'><strong>margine</strong></span> <span class='ocrx_word' id='word_1_39' title='bbox 796 1120 968 1219; x_wconf 89' lang='lat' dir='ltr'><strong>replicato</strong></span> <span class='ocrx_word' id='word_1_40' title='bbox 995 1120 1151 1195; x_wconf 83' lang='lat' dir='ltr'><strong>colliculi</strong></span> <span class='ocrx_word' id='word_1_41' title='bbox 1178 1121 1404 1219; x_wconf 86' lang='lat' dir='ltr'><strong>exoriantur,</strong></span> <span class='ocrx_word' id='word_1_42' title='bbox 1432 1121 1493 1219; x_wconf 89' lang='lat' dir='ltr'><strong>qui</strong></span> <span class='ocrx_word' id='word_1_43' title='bbox 1524 1122 1638 1197; x_wconf 89' lang='lat' dir='ltr'><strong>altero</strong></span> <span class='ocrx_word' id='word_1_44' title='bbox 1664 1121 1734 1198; x_wconf 87' lang='lat' dir='ltr'><strong>fine</strong></span> <span class='ocrx_word' id='word_1_45' title='bbox 1759 1124 1915 1197; x_wconf 89' lang='lat' dir='ltr'><strong>vicinum</strong></span> <span class='ocrx_word' id='word_1_46' title='bbox 1942 1136 2095 1223; x_wconf 89' lang='lat' dir='ltr'><strong>tangunt</strong></span> 
     </span>
    </p>
   </div>
   <div class='ocr_carea' id='block_1_3' title="bbox 263 1244 2093 1361">
    <p class='ocr_par' dir='ltr' id='par_1_3' title="bbox 263 1244 2093 1361">
     <span class='ocr_line' id='line_1_6' title="bbox 263 1244 2093 1361; baseline 0.001 -30"><span class='ocrx_word' id='word_1_47' title='bbox 263 1257 480 1352; x_wconf 89' lang='lat' dir='ltr'><strong>colliculum,</strong></span> <span class='ocrx_word' id='word_1_48' title='bbox 506 1255 621 1330; x_wconf 87' lang='lat' dir='ltr'><strong>altero</strong></span> <span class='ocrx_word' id='word_1_49' title='bbox 646 1244 734 1329; x_wconf 82' lang='lat' dir='ltr'><strong>vero</strong></span> <span class='ocrx_word' id='word_1_50' title='bbox 759 1255 854 1329; x_wconf 89' lang='lat' dir='ltr'><strong>linea</strong></span> <span class='ocrx_word' id='word_1_51' title='bbox 880 1270 978 1331; x_wconf 89' lang='lat' dir='ltr'><strong>recta</strong></span> <span class='ocrx_word' id='word_1_52' title='bbox 1003 1258 1054 1331; x_wconf 85' lang='lat' dir='ltr'><strong>ita</strong></span> <span class='ocrx_word' id='word_1_53' title='bbox 1078 1257 1345 1356; x_wconf 79' lang='lat' dir='ltr'><strong>prolongantur,</strong></span> <span class='ocrx_word' id='word_1_54' title='bbox 1374 1267 1413 1330; x_wconf 90' lang='lat' dir='ltr'><strong>ut</strong></span> <span class='ocrx_word' id='word_1_55' title='bbox 1437 1256 1600 1355; x_wconf 87' lang='lat' dir='ltr'><strong>paralleli</strong></span> <span class='ocrx_word' id='word_1_56' title='bbox 1625 1282 1748 1361; x_wconf 87' lang='lat' dir='ltr'><strong>omnes</strong></span> <span class='ocrx_word' id='word_1_57' title='bbox 1772 1257 1986 1357; x_wconf 76' lang='lat' dir='ltr'><strong>adpareant3</strong></span> <span class='ocrx_word' id='word_1_58' title='bbox 2015 1285 2093 1358; x_wconf 81' lang='lat' dir='ltr'><strong>qua</strong></span> 
     </span>
    </p>
   </div>
   <div class='ocr_carea' id='block_1_4' title="bbox 263 1389 2092 1490">
    <p class='ocr_par' dir='ltr' id='par_1_4' title="bbox 263 1389 2092 1490">
     <span class='ocr_line' id='line_1_7' title="bbox 263 1389 2092 1490; baseline 0.001 -24"><span class='ocrx_word' id='word_1_59' title='bbox 263 1394 387 1488; x_wconf 89' lang='lat' dir='ltr'><strong>omnia,</strong></span> <span class='ocrx_word' id='word_1_60' title='bbox 399 1392 433 1467; x_wconf 90' lang='lat' dir='ltr'><strong>si</strong></span> <span class='ocrx_word' id='word_1_61' title='bbox 448 1389 494 1465; x_wconf 88' lang='lat' dir='ltr'><strong>ad</strong></span> <span class='ocrx_word' id='word_1_62' title='bbox 512 1391 903 1490; x_wconf 89' lang='lat' dir='ltr'><strong>planitiemsuperficiei</strong></span> <span class='ocrx_word' id='word_1_63' title='bbox 921 1390 1063 1489; x_wconf 89' lang='lat' dir='ltr'><strong>reddas,</strong></span> <span class='ocrx_word' id='word_1_64' title='bbox 1082 1391 1250 1490; x_wconf 89' lang='lat' dir='ltr'><strong>spiralem</strong></span> <span class='ocrx_word' id='word_1_65' title='bbox 1267 1392 1439 1468; x_wconf 88' lang='lat' dir='ltr'><strong>linearum</strong></span> <span class='ocrx_word' id='word_1_66' title='bbox 1459 1417 1605 1468; x_wconf 92' lang='lat' dir='ltr'><strong>cursum</strong></span> <span class='ocrx_word' id='word_1_67' title='bbox 1622 1395 1822 1468; x_wconf 88' lang='lat' dir='ltr'><strong>certissime</strong></span> <span class='ocrx_word' id='word_1_68' title='bbox 1835 1393 2092 1470; x_wconf 89' lang='lat' dir='ltr'><strong>demonstrant.</strong></span> 
     </span>
    </p>
   </div>
   <div class='ocr_carea' id='block_1_5' title="bbox 257 1661 2089 2990">
    <p class='ocr_par' dir='ltr' id='par_1_5' title="bbox 1112 1661 1231 1747">
     <span class='ocr_line' id='line_1_8' title="bbox 1112 1661 1231 1747; baseline 0.034 -14"><span class='ocrx_word' id='word_1_69' title='bbox 1112 1664 1145 1747; x_wconf 77' lang='lat'><strong>§-</strong></span> <span class='ocrx_word' id='word_1_70' title='bbox 1172 1661 1231 1738; x_wconf 73' lang='grc'><strong>64.</strong></span> 
     </span>
    </p>

    <p class='ocr_par' dir='ltr' id='par_1_6' title="bbox 257 1793 2089 2990">
     <span class='ocr_line' id='line_1_9' title="bbox 412 1793 2089 1896; baseline 0.003 -27"><span class='ocrx_word' id='word_1_71' title='bbox 412 1793 541 1893; x_wconf 91' lang='lat' dir='ltr'><strong>Itaque</strong></span> <span class='ocrx_word' id='word_1_72' title='bbox 566 1795 711 1894; x_wconf 89' lang='lat' dir='ltr'><strong>spiralis</strong></span> <span class='ocrx_word' id='word_1_73' title='bbox 739 1796 798 1871; x_wconf 91' lang='lat' dir='ltr'><strong>vel</strong></span> <span class='ocrx_word' id='word_1_74' title='bbox 825 1797 1012 1872; x_wconf 90' lang='lat' dir='ltr'><strong>circularis</strong></span> <span class='ocrx_word' id='word_1_75' title='bbox 1039 1796 1285 1896; x_wconf 60' lang='lat' dir='ltr'><strong>dispositionis</strong></span> <span class='ocrx_word' id='word_1_76' title='bbox 1300 1795 1403 1896; x_wconf 85' lang='lat' dir='ltr'><strong>leges</strong></span> <span class='ocrx_word' id='word_1_77' title='bbox 1421 1798 1502 1872; x_wconf 90' lang='lat' dir='ltr'><strong>cilia</strong></span> <span class='ocrx_word' id='word_1_78' title='bbox 1520 1798 1694 1873; x_wconf 87' lang='lat' dir='ltr'><strong>vibrantia</strong></span> <span class='ocrx_word' id='word_1_79' title='bbox 1712 1800 1788 1874; x_wconf 85' lang='lat' dir='ltr'><strong>iere</strong></span> <span class='ocrx_word' id='word_1_80' title='bbox 1815 1801 1929 1875; x_wconf 93' lang='lat' dir='ltr'><strong>omnia</strong></span> <span class='ocrx_word' id='word_1_81' title='bbox 1957 1813 2089 1895; x_wconf 88' lang='lat' dir='ltr'><strong>tenere,</strong></span> 
     </span>
     <span class='ocr_line' id='line_1_10' title="bbox 259 1930 2076 2033; baseline -0.001 -25"><span class='ocrx_word' id='word_1_82' title='bbox 259 1958 280 2008; x_wconf 92' lang='lat' dir='ltr'><strong>e</strong></span> <span class='ocrx_word' id='word_1_83' title='bbox 307 1933 444 2008; x_wconf 91' lang='lat' dir='ltr'><strong>nostris</strong></span> <span class='ocrx_word' id='word_1_84' title='bbox 470 1930 587 2006; x_wconf 89' lang='lat' dir='ltr'><strong>elucet</strong></span> <span class='ocrx_word' id='word_1_85' title='bbox 614 1933 935 2008; x_wconf 89' lang='lat' dir='ltr'><strong>observationibus.</strong></span> <span class='ocrx_word' id='word_1_86' title='bbox 985 1931 1039 2016; x_wconf 87' lang='lat' dir='ltr'><strong>Ut</strong></span> <span class='ocrx_word' id='word_1_87' title='bbox 1064 1958 1152 2008; x_wconf 91' lang='lat' dir='ltr'><strong>vero</strong></span> <span class='ocrx_word' id='word_1_88' title='bbox 1178 1943 1350 2033; x_wconf 81' lang='lat' dir='ltr'><strong>systema,</strong></span> <span class='ocrx_word' id='word_1_89' title='bbox 1379 1932 1474 2031; x_wconf 94' lang='lat' dir='ltr'><strong>quod</strong></span> <span class='ocrx_word' id='word_1_90' title='bbox 1501 1933 1632 2031; x_wconf 89' lang='lat' dir='ltr'><strong>dicunt,</strong></span> <span class='ocrx_word' id='word_1_91' title='bbox 1660 1960 1833 2010; x_wconf 88' lang='lat' dir='ltr'><strong>vasorum</strong></span> <span class='ocrx_word' id='word_1_92' title='bbox 1857 1935 2076 2033; x_wconf 85' lang='lat' dir='ltr'><strong>capillariam</strong></span> 
     </span>
     <span class='ocr_line' id='line_1_11' title="bbox 260 2066 2065 2169; baseline 0 -24"><span class='ocrx_word' id='word_1_93' title='bbox 260 2070 397 2145; x_wconf 88' lang='lat' dir='ltr'><strong>ossium</strong></span> <span class='ocrx_word' id='word_1_94' title='bbox 424 2066 611 2141; x_wconf 85' lang='lat' dir='ltr'><strong>canaliculi</strong></span> <span class='ocrx_word' id='word_1_95' title='bbox 639 2067 683 2142; x_wconf 90' lang='lat' dir='ltr'><strong>al.</strong></span> <span class='ocrx_word' id='word_1_96' title='bbox 710 2068 801 2142; x_wconf 91' lang='lat' dir='ltr'><strong>inter</strong></span> <span class='ocrx_word' id='word_1_97' title='bbox 827 2093 868 2142; x_wconf 90' lang='lat' dir='ltr'><strong>se</strong></span> <span class='ocrx_word' id='word_1_98' title='bbox 896 2067 1038 2167; x_wconf 91' lang='lat' dir='ltr'><strong>quidem</strong></span> <span class='ocrx_word' id='word_1_99' title='bbox 1064 2071 1290 2166; x_wconf 89' lang='lat' dir='ltr'><strong>conveniunt,</strong></span> <span class='ocrx_word' id='word_1_100' title='bbox 1318 2082 1432 2142; x_wconf 92' lang='lat' dir='ltr'><strong>tamen</strong></span> <span class='ocrx_word' id='word_1_101' title='bbox 1460 2069 1496 2142; x_wconf 91' lang='lat' dir='ltr'><strong>in</strong></span> <span class='ocrx_word' id='word_1_102' title='bbox 1514 2071 1606 2144; x_wconf 90' lang='lat' dir='ltr'><strong>omni</strong></span> <span class='ocrx_word' id='word_1_103' title='bbox 1624 2072 1738 2169; x_wconf 88' lang='lat' dir='ltr'><strong>partis</strong></span> <span class='ocrx_word' id='word_1_104' title='bbox 1757 2071 1932 2169; x_wconf 91' lang='lat' dir='ltr'><strong>particula</strong></span> <span class='ocrx_word' id='word_1_105' title='bbox 1951 2073 2065 2145; x_wconf 88' lang='lat' dir='ltr'><strong>minin·</strong></span> 
     </span>
     <span class='ocr_line' id='line_1_12' title="bbox 259 2201 2041 2305; baseline -0.001 -27"><span class='ocrx_word' id='word_1_106' title='bbox 259 2204 477 2304; x_wconf 86' lang='lat' dir='ltr'><strong>peculiarem</strong></span> <span class='ocrx_word' id='word_1_107' title='bbox 502 2203 632 2278; x_wconf 89' lang='lat' dir='ltr'><strong>habent</strong></span> <span class='ocrx_word' id='word_1_108' title='bbox 658 2201 829 2302; x_wconf 89' lang='lat' dir='ltr'><strong>indolem,</strong></span> <span class='ocrx_word' id='word_1_109' title='bbox 866 2229 935 2302; x_wconf 91' lang='lat' dir='ltr'><strong>qua</strong></span> <span class='ocrx_word' id='word_1_110' title='bbox 967 2204 1243 2305; x_wconf 88' lang='lat' dir='ltr'><strong>dignoscantur,</strong></span> <span class='ocrx_word' id='word_1_111' title='bbox 1287 2205 1337 2278; x_wconf 93' lang='lat' dir='ltr'><strong>ita</strong></span> <span class='ocrx_word' id='word_1_112' title='bbox 1363 2204 1524 2278; x_wconf 90' lang='lat' dir='ltr'><strong>ciliorum</strong></span> <span class='ocrx_word' id='word_1_113' title='bbox 1551 2205 1766 2280; x_wconf 79' lang='lat' dir='ltr'><strong>vibrantium</strong></span> <span class='ocrx_word' id='word_1_114' title='bbox 1791 2208 1827 2280; x_wconf 92' lang='lat' dir='ltr'><strong>in</strong></span> <span class='ocrx_word' id='word_1_115' title='bbox 1855 2208 1948 2281; x_wconf 91' lang='lat' dir='ltr'><strong>omni</strong></span> <span class='ocrx_word' id='word_1_116' title='bbox 1976 2231 2041 2280; x_wconf 87' lang='lat' dir='ltr'><strong>om.</strong></span> 
     </span>
     <span class='ocr_line' id='line_1_13' title="bbox 260 2337 2088 2439; baseline 0.002 -26"><span class='ocrx_word' id='word_1_117' title='bbox 260 2339 425 2414; x_wconf 87' lang='lat' dir='ltr'><strong>anirnalis</strong></span> <span class='ocrx_word' id='word_1_118' title='bbox 449 2351 552 2437; x_wconf 87' lang='lat' dir='ltr'><strong>parte</strong></span> <span class='ocrx_word' id='word_1_119' title='bbox 570 2350 704 2413; x_wconf 88' lang='lat' dir='ltr'><strong>certam</strong></span> <span class='ocrx_word' id='word_1_120' title='bbox 729 2337 875 2412; x_wconf 84' lang='lat' dir='ltr'><strong>sormam</strong></span> <span class='ocrx_word' id='word_1_121' title='bbox 903 2364 996 2437; x_wconf 91' lang='lat' dir='ltr'><strong>esse,</strong></span> <span class='ocrx_word' id='word_1_122' title='bbox 1025 2343 1163 2439; x_wconf 87' lang='lat' dir='ltr'><strong>experti</strong></span> <span class='ocrx_word' id='word_1_123' title='bbox 1187 2364 1254 2414; x_wconf 92' lang='lat' dir='ltr'><strong>nos</strong></span> <span class='ocrx_word' id='word_1_124' title='bbox 1280 2363 1417 2414; x_wconf 90' lang='lat' dir='ltr'><strong>sumus.</strong></span> <span class='ocrx_word' id='word_1_125' title='bbox 1469 2337 1576 2431; x_wconf 74' lang='lat' dir='ltr'><strong>Quod</strong></span> <span class='ocrx_word' id='word_1_126' title='bbox 1603 2353 1642 2413; x_wconf 88' lang='lat' dir='ltr'><strong>ut</strong></span> <span class='ocrx_word' id='word_1_127' title='bbox 1668 2365 1739 2414; x_wconf 93' lang='lat' dir='ltr'><strong>uno</strong></span> <span class='ocrx_word' id='word_1_128' title='bbox 1766 2341 1908 2439; x_wconf 89' lang='lat' dir='ltr'><strong>quidem</strong></span> <span class='ocrx_word' id='word_1_129' title='bbox 1927 2343 2088 2417; x_wconf 85' lang='lat' dir='ltr'><strong>illustre·</strong></span> 
     </span>
     <span class='ocr_line' id='line_1_14' title="bbox 257 2473 2088 2575; baseline 0.001 -25"><span class='ocrx_word' id='word_1_130' title='bbox 257 2499 340 2550; x_wconf 86' lang='lat' dir='ltr'><strong>mus</strong></span> <span class='ocrx_word' id='word_1_131' title='bbox 367 2474 554 2573; x_wconf 86' lang='lat' dir='ltr'><strong>exemplo,</strong></span> <span class='ocrx_word' id='word_1_132' title='bbox 598 2475 635 2548; x_wconf 89' lang='lat' dir='ltr'><strong>in</strong></span> <span class='ocrx_word' id='word_1_133' title='bbox 661 2474 852 2549; x_wconf 89' lang='lat' dir='ltr'><strong>unionibus</strong></span> <span class='ocrx_word' id='word_1_134' title='bbox 879 2487 914 2548; x_wconf 91' lang='lat' dir='ltr'><strong>et</strong></span> <span class='ocrx_word' id='word_1_135' title='bbox 940 2474 1138 2572; x_wconf 79' lang='lat' dir='ltr'><strong>aurodontis,</strong></span> <span class='ocrx_word' id='word_1_136' title='bbox 1182 2477 1215 2550; x_wconf 89' lang='lat' dir='ltr'><strong>si</strong></span> <span class='ocrx_word' id='word_1_137' title='bbox 1242 2473 1287 2547; x_wconf 92' lang='lat' dir='ltr'><strong>ad</strong></span> <span class='ocrx_word' id='word_1_138' title='bbox 1314 2476 1430 2549; x_wconf 90' lang='lat' dir='ltr'><strong>omnia</strong></span> <span class='ocrx_word' id='word_1_139' title='bbox 1456 2499 1490 2550; x_wconf 89' lang='lat' dir='ltr'><strong>v.</strong></span> <span class='ocrx_word' id='word_1_140' title='bbox 1518 2500 1547 2549; x_wconf 93' lang='lat' dir='ltr'><strong>c.</strong></span> <span class='ocrx_word' id='word_1_141' title='bbox 1564 2489 1683 2549; x_wconf 90' lang='lat' dir='ltr'><strong>motus</strong></span> <span class='ocrx_word' id='word_1_142' title='bbox 1700 2477 1997 2575; x_wconf 86' lang='lat' dir='ltr'><strong>magnitudinem,</strong></span> <span class='ocrx_word' id='word_1_143' title='bbox 2025 2503 2088 2551; x_wconf 89' lang='lat' dir='ltr'><strong>ce-</strong></span> 
     </span>
     <span class='ocr_line' id='line_1_15' title="bbox 258 2609 2088 2711; baseline 0 -26"><span class='ocrx_word' id='word_1_144' title='bbox 258 2613 445 2706; x_wconf 88' lang='lat' dir='ltr'><strong>leritatem,</strong></span> <span class='ocrx_word' id='word_1_145' title='bbox 472 2610 713 2688; x_wconf 87' lang='lat' dir='ltr'><strong>intensitatem</strong></span> <span class='ocrx_word' id='word_1_146' title='bbox 739 2609 784 2687; x_wconf 88' lang='lat' dir='ltr'><strong>al.</strong></span> <span class='ocrx_word' id='word_1_147' title='bbox 810 2613 994 2709; x_wconf 87' lang='lat' dir='ltr'><strong>respicias,</strong></span> <span class='ocrx_word' id='word_1_148' title='bbox 1022 2610 1089 2687; x_wconf 91' lang='lat' dir='ltr'><strong>boc</strong></span> <span class='ocrx_word' id='word_1_149' title='bbox 1115 2609 1197 2685; x_wconf 76' lang='lat' dir='ltr'><strong>&#39;l&#39;ibi</strong></span> <span class='ocrx_word' id='word_1_150' title='bbox 1224 2610 1348 2685; x_wconf 91' lang='lat' dir='ltr'><strong>ordine</strong></span> <span class='ocrx_word' id='word_1_151' title='bbox 1374 2622 1495 2710; x_wconf 89' lang='lat' dir='ltr'><strong>partes</strong></span> <span class='ocrx_word' id='word_1_152' title='bbox 1521 2612 1661 2709; x_wconf 83' lang='lat' dir='ltr'><strong>insequi</strong></span> <span class='ocrx_word' id='word_1_153' title='bbox 1687 2609 1792 2685; x_wconf 76' lang='lat' dir='ltr'><strong>facile</strong></span> <span class='ocrx_word' id='word_1_154' title='bbox 1819 2612 1976 2687; x_wconf 89' lang='lat' dir='ltr'><strong>videbis:</strong></span> <span class='ocrx_word' id='word_1_155' title='bbox 2012 2638 2088 2711; x_wconf 86' lang='lat' dir='ltr'><strong>pes,</strong></span> 
     </span>
     <span class='ocr_line' id='line_1_16' title="bbox 257 2740 2089 2847; baseline -0.001 -26"><span class='ocrx_word' id='word_1_156' title='bbox 257 2746 414 2847; x_wconf 83' lang='lat' dir='ltr'><strong>pallium,</strong></span> <span class='ocrx_word' id='word_1_157' title='bbox 442 2744 645 2820; x_wconf 90' lang='lat' dir='ltr'><strong>membrana</strong></span> <span class='ocrx_word' id='word_1_158' title='bbox 670 2740 915 2820; x_wconf 83' lang='lat' dir='ltr'><strong>bracchiorum</strong></span> <span class='ocrx_word' id='word_1_159' title='bbox 943 2759 1103 2845; x_wconf 85' lang='lat' dir='ltr'><strong>externa,</strong></span> <span class='ocrx_word' id='word_1_160' title='bbox 1129 2747 1332 2821; x_wconf 88' lang='lat' dir='ltr'><strong>membrana</strong></span> <span class='ocrx_word' id='word_1_161' title='bbox 1358 2744 1602 2823; x_wconf 89' lang='lat' dir='ltr'><strong>branchiarum</strong></span> <span class='ocrx_word' id='word_1_162' title='bbox 1630 2747 1782 2837; x_wconf 88' lang='lat' dir='ltr'><strong>interna,</strong></span> <span class='ocrx_word' id='word_1_163' title='bbox 1820 2745 1993 2821; x_wconf 79' lang='lat' dir='ltr'><strong>branchiae</strong></span> <span class='ocrx_word' id='word_1_164' title='bbox 2026 2772 2089 2820; x_wconf 87' lang='lat' dir='ltr'><strong>ac-</strong></span> 
     </span>
     <span class='ocr_line' id='line_1_17' title="bbox 258 2881 1315 2990; baseline -0.002 -32"><span class='ocrx_word' id='word_1_165' title='bbox 258 2882 436 2977; x_wconf 80' lang='lat' dir='ltr'><strong>cessoria,</strong></span> <span class='ocrx_word' id='word_1_166' title='bbox 452 2905 626 2990; x_wconf 35' lang='lat' dir='ltr'><strong>,organon</strong></span> <span class='ocrx_word' id='word_1_167' title='bbox 652 2881 848 2956; x_wconf 87' lang='lat' dir='ltr'><strong>minarium</strong></span> <span class='ocrx_word' id='word_1_168' title='bbox 874 2896 910 2956; x_wconf 89' lang='lat' dir='ltr'><strong>et</strong></span> <span class='ocrx_word' id='word_1_169' title='bbox 936 2884 1142 2957; x_wconf 87' lang='lat' dir='ltr'><strong>intestinum</strong></span> <span class='ocrx_word' id='word_1_170' title='bbox 1168 2894 1315 2958; x_wconf 91' lang='lat' dir='ltr'><strong>rectum.</strong></span> 
     </span>
    </p>
   </div>
   <div class='ocr_carea' id='block_1_6' title="bbox 254 3152 2158 5018">
    <p class='ocr_par' dir='ltr' id='par_1_7' title="bbox 1103 3152 1225 3239">
     <span class='ocr_line' id='line_1_18' title="bbox 1103 3152 1225 3239; baseline 0.008 -12"><span class='ocrx_word' id='word_1_171' title='bbox 1103 3155 1137 3239; x_wconf 69' lang='lat'><strong>8.</strong></span> <span class='ocrx_word' id='word_1_172' title='bbox 1164 3152 1225 3229; x_wconf 85' lang='lat'><strong>65.</strong></span> 
     </span>
    </p>

    <p class='ocr_par' dir='ltr' id='par_1_8' title="bbox 256 3284 2088 3523">
     <span class='ocr_line' id='line_1_19' title="bbox 409 3284 2088 3389; baseline 0.001 -29"><span class='ocrx_word' id='word_1_173' title='bbox 409 3284 552 3361; x_wconf 86' lang='lat' dir='ltr'><strong>Varius</strong></span> <span class='ocrx_word' id='word_1_174' title='bbox 578 3298 635 3362; x_wconf 90' lang='lat' dir='ltr'><strong>est</strong></span> <span class='ocrx_word' id='word_1_175' title='bbox 661 3287 888 3389; x_wconf 92' lang='lat' dir='ltr'><strong>singulorum</strong></span> <span class='ocrx_word' id='word_1_176' title='bbox 914 3287 1077 3363; x_wconf 87' lang='lat' dir='ltr'><strong>ciliorum</strong></span> <span class='ocrx_word' id='word_1_177' title='bbox 1103 3300 1232 3386; x_wconf 89' lang='lat' dir='ltr'><strong>motus,</strong></span> <span class='ocrx_word' id='word_1_178' title='bbox 1261 3289 1366 3384; x_wconf 91' lang='lat' dir='ltr'><strong>cujus</strong></span> <span class='ocrx_word' id='word_1_179' title='bbox 1392 3285 1466 3360; x_wconf 75' lang='lat' dir='ltr'><strong>hac</strong></span> <span class='ocrx_word' id='word_1_180' title='bbox 1493 3309 1560 3360; x_wconf 94' lang='lat' dir='ltr'><strong>nos</strong></span> <span class='ocrx_word' id='word_1_181' title='bbox 1586 3284 1631 3359; x_wconf 91' lang='lat' dir='ltr'><strong>ad</strong></span> <span class='ocrx_word' id='word_1_182' title='bbox 1656 3285 1725 3362; x_wconf 91' lang='lat' dir='ltr'><strong>huc</strong></span> <span class='ocrx_word' id='word_1_183' title='bbox 1752 3301 1892 3386; x_wconf 90' lang='lat' dir='ltr'><strong>tempus</strong></span> <span class='ocrx_word' id='word_1_184' title='bbox 1911 3289 2088 3364; x_wconf 89' lang='lat' dir='ltr'><strong>observa·</strong></span> 
     </span>
     <span class='ocr_line' id='line_1_20' title="bbox 256 3425 1314 3523; baseline -0.004 -25"><span class='ocrx_word' id='word_1_185' title='bbox 256 3425 374 3500; x_wconf 87' lang='lat' dir='ltr'><strong>vimus</strong></span> <span class='ocrx_word' id='word_1_186' title='bbox 400 3446 556 3523; x_wconf 86' lang='lat' dir='ltr'><strong>genera:</strong></span> <span class='ocrx_word' id='word_1_187' title='bbox 1312 3518 1314 3521; x_wconf 16' lang='grc' dir='ltr'>Ι</span> 
     </span>
    </p>

    <p class='ocr_par' dir='ltr' id='par_1_9' title="bbox 254 3555 2089 4338">
     <span class='ocr_line' id='line_1_21' title="bbox 410 3555 2088 3660; baseline -0.001 -27"><span class='ocrx_word' id='word_1_188' title='bbox 410 3557 445 3634; x_wconf 95' lang='grc'><strong>1.</strong></span> <span class='ocrx_word' id='word_1_189' title='bbox 470 3557 648 3656; x_wconf 87' lang='lat' dir='ltr'><strong>Princeps</strong></span> <span class='ocrx_word' id='word_1_190' title='bbox 674 3570 709 3633; x_wconf 90' lang='lat' dir='ltr'><strong>et</strong></span> <span class='ocrx_word' id='word_1_191' title='bbox 735 3559 844 3660; x_wconf 91' lang='lat' dir='ltr'><strong>longe</strong></span> <span class='ocrx_word' id='word_1_192' title='bbox 869 3559 1196 3658; x_wconf 84' lang='lat' dir='ltr'><strong>frequentissimum</strong></span> <span class='ocrx_word' id='word_1_193' title='bbox 1223 3557 1328 3657; x_wconf 85' lang='lat' dir='ltr'><strong>hujus</strong></span> <span class='ocrx_word' id='word_1_194' title='bbox 1352 3568 1473 3632; x_wconf 91' lang='lat' dir='ltr'><strong>motus</strong></span> <span class='ocrx_word' id='word_1_195' title='bbox 1490 3580 1609 3655; x_wconf 88' lang='lat' dir='ltr'><strong>genus</strong></span> <span class='ocrx_word' id='word_1_196' title='bbox 1626 3555 1938 3633; x_wconf 83' lang='lat' dir='ltr'><strong>insuadibililorme</strong></span> <span class='ocrx_word' id='word_1_197' title='bbox 1961 3557 2088 3632; x_wconf 88' lang='lat' dir='ltr'><strong>dicen·</strong></span> 
     </span>
     <span class='ocr_line' id='line_1_22' title="bbox 254 3693 2087 3793; baseline -0.004 -21"><span class='ocrx_word' id='word_1_198' title='bbox 254 3697 339 3774; x_wconf 91' lang='lat' dir='ltr'><strong>dum</strong></span> <span class='ocrx_word' id='word_1_199' title='bbox 365 3694 402 3772; x_wconf 94' lang='lat' dir='ltr'><strong>id</strong></span> <span class='ocrx_word' id='word_1_200' title='bbox 428 3705 495 3792; x_wconf 87' lang='lat' dir='ltr'><strong>est,</strong></span> <span class='ocrx_word' id='word_1_201' title='bbox 524 3693 620 3792; x_wconf 92' lang='lat' dir='ltr'><strong>quod</strong></span> <span class='ocrx_word' id='word_1_202' title='bbox 647 3695 720 3769; x_wconf 91' lang='lat' dir='ltr'><strong>cilii</strong></span> <span class='ocrx_word' id='word_1_203' title='bbox 746 3695 845 3769; x_wconf 89' lang='lat' dir='ltr'><strong>basis</strong></span> <span class='ocrx_word' id='word_1_204' title='bbox 871 3707 1046 3793; x_wconf 90' lang='lat' dir='ltr'><strong>tamquam</strong></span> <span class='ocrx_word' id='word_1_205' title='bbox 1074 3693 1284 3769; x_wconf 81' lang='lat' dir='ltr'><strong>infundibuli</strong></span> <span class='ocrx_word' id='word_1_206' title='bbox 1311 3718 1405 3792; x_wconf 87' lang='lat' dir='ltr'><strong>apex</strong></span> <span class='ocrx_word' id='word_1_207' title='bbox 1430 3693 1525 3768; x_wconf 91' lang='lat' dir='ltr'><strong>circa</strong></span> <span class='ocrx_word' id='word_1_208' title='bbox 1551 3703 1710 3793; x_wconf 87' lang='lat' dir='ltr'><strong>centrum</strong></span> <span class='ocrx_word' id='word_1_209' title='bbox 1737 3706 1940 3789; x_wconf 89' lang='lat' dir='ltr'><strong>moveatur,</strong></span> <span class='ocrx_word' id='word_1_210' title='bbox 1967 3698 2087 3787; x_wconf 90' lang='lat' dir='ltr'><strong>itaut,</strong></span> 
     </span>
     <span class='ocr_line' id='line_1_23' title="bbox 256 3801 2087 3932; baseline -0.003 -24"><span class='ocrx_word' id='word_1_211' title='bbox 256 3857 326 3932; x_wconf 92' lang='lat' dir='ltr'><strong>quo</strong></span> <span class='ocrx_word' id='word_1_212' title='bbox 351 3833 464 3930; x_wconf 88' lang='lat' dir='ltr'><strong>maj0r</strong></span> <span class='ocrx_word' id='word_1_213' title='bbox 481 3840 538 3905; x_wconf 87' lang='lat' dir='ltr'><strong>est</strong></span> <span class='ocrx_word' id='word_1_214' title='bbox 565 3830 637 3904; x_wconf 91' lang='lat' dir='ltr'><strong>cilii</strong></span> <span class='ocrx_word' id='word_1_215' title='bbox 663 3831 779 3928; x_wconf 89' lang='lat' dir='ltr'><strong>ipsius</strong></span> <span class='ocrx_word' id='word_1_216' title='bbox 806 3828 1009 3931; x_wconf 90' lang='lat' dir='ltr'><strong>longitudo,</strong></span> <span class='ocrx_word' id='word_1_217' title='bbox 1055 3854 1099 3905; x_wconf 88' lang='lat' dir='ltr'><strong>eo</strong></span> <span class='ocrx_word' id='word_1_218' title='bbox 1122 3831 1234 3927; x_wconf 86' lang='lat' dir='ltr'><strong>major</strong></span> <span class='ocrx_word' id='word_1_219' title='bbox 1260 3829 1308 3904; x_wconf 92' lang='lat' dir='ltr'><strong>sit</strong></span> <span class='ocrx_word' id='word_1_220' title='bbox 1334 3826 1529 3927; x_wconf 91' lang='lat' dir='ltr'><strong>amplitudo</strong></span> <span class='ocrx_word' id='word_1_221' title='bbox 1556 3801 1680 3903; x_wconf 91' lang='lat' dir='ltr'><strong>circuli</strong></span> <span class='ocrx_word' id='word_1_222' title='bbox 1707 3828 1750 3901; x_wconf 90' lang='lat' dir='ltr'><strong>ab</strong></span> <span class='ocrx_word' id='word_1_223' title='bbox 1779 3830 1878 3927; x_wconf 87' lang='lat' dir='ltr'><strong>apice</strong></span> <span class='ocrx_word' id='word_1_224' title='bbox 1905 3828 2087 3925; x_wconf 87' lang='lat' dir='ltr'><strong>descripti.</strong></span> 
     </span>
     <span class='ocr_line' id='line_1_24' title="bbox 256 3963 2088 4066; baseline -0.001 -26"><span class='ocrx_word' id='word_1_225' title='bbox 256 3967 397 4042; x_wconf 83' lang='lat' dir='ltr'><strong>Motum</strong></span> <span class='ocrx_word' id='word_1_226' title='bbox 423 3989 512 4042; x_wconf 91' lang='lat' dir='ltr'><strong>vero</strong></span> <span class='ocrx_word' id='word_1_227' title='bbox 539 3966 759 4040; x_wconf 85' lang='lat' dir='ltr'><strong>relaxantem</strong></span> <span class='ocrx_word' id='word_1_228' title='bbox 784 3969 1027 4066; x_wconf 90' lang='lat' dir='ltr'><strong>minoremque</strong></span> <span class='ocrx_word' id='word_1_229' title='bbox 1053 3965 1147 4040; x_wconf 91' lang='lat' dir='ltr'><strong>hunc</strong></span> <span class='ocrx_word' id='word_1_230' title='bbox 1174 3967 1270 4040; x_wconf 92' lang='lat' dir='ltr'><strong>circa</strong></span> <span class='ocrx_word' id='word_1_231' title='bbox 1294 3965 1389 4062; x_wconf 80' lang='lat' dir='ltr'><strong>axin,</strong></span> <span class='ocrx_word' id='word_1_232' title='bbox 1418 3988 1505 4039; x_wconf 90' lang='lat' dir='ltr'><strong>vere</strong></span> <span class='ocrx_word' id='word_1_233' title='bbox 1531 3963 1742 4039; x_wconf 88' lang='lat' dir='ltr'><strong>circularem</strong></span> <span class='ocrx_word' id='word_1_234' title='bbox 1768 3966 1804 4037; x_wconf 96' lang='lat' dir='ltr'><strong>in</strong></span> <span class='ocrx_word' id='word_1_235' title='bbox 1828 3963 2088 4039; x_wconf 91' lang='lat' dir='ltr'><strong>oscillationem</strong></span> 
     </span>
     <span class='ocr_line' id='line_1_25' title="bbox 257 4098 2089 4202; baseline -0.002 -25"><span class='ocrx_word' id='word_1_236' title='bbox 257 4103 414 4177; x_wconf 88' lang='lat' dir='ltr'><strong>transire</strong></span> <span class='ocrx_word' id='word_1_237' title='bbox 440 4102 617 4199; x_wconf 89' lang='lat' dir='ltr'><strong>videmus,</strong></span> <span class='ocrx_word' id='word_1_238' title='bbox 646 4098 876 4177; x_wconf 90' lang='lat' dir='ltr'><strong>oscillatoriis</strong></span> <span class='ocrx_word' id='word_1_239' title='bbox 903 4101 977 4176; x_wconf 90' lang='lat' dir='ltr'><strong>illis</strong></span> <span class='ocrx_word' id='word_1_240' title='bbox 1003 4100 1175 4202; x_wconf 88' lang='lat' dir='ltr'><strong>plantulis</strong></span> <span class='ocrx_word' id='word_1_241' title='bbox 1202 4101 1395 4199; x_wconf 88' lang='lat' dir='ltr'><strong>propriam,</strong></span> <span class='ocrx_word' id='word_1_242' title='bbox 1424 4112 1486 4174; x_wconf 90' lang='lat' dir='ltr'><strong>aut</strong></span> <span class='ocrx_word' id='word_1_243' title='bbox 1512 4124 1534 4172; x_wconf 87' lang='lat' dir='ltr'><strong>a</strong></span> <span class='ocrx_word' id='word_1_244' title='bbox 1559 4098 1687 4175; x_wconf 86' lang='lat' dir='ltr'><strong>dextro</strong></span> <span class='ocrx_word' id='word_1_245' title='bbox 1705 4099 1818 4172; x_wconf 89' lang='lat' dir='ltr'><strong>latere</strong></span> <span class='ocrx_word' id='word_1_246' title='bbox 1836 4098 1882 4173; x_wconf 91' lang='lat' dir='ltr'><strong>ad</strong></span> <span class='ocrx_word' id='word_1_247' title='bbox 1900 4100 2089 4174; x_wconf 91' lang='lat' dir='ltr'><strong>sinistrum</strong></span> 
     </span>
     <span class='ocr_line' id='line_1_26' title="bbox 254 4233 1915 4338; baseline -0.003 -24"><span class='ocrx_word' id='word_1_248' title='bbox 254 4251 318 4314; x_wconf 80' lang='lat' dir='ltr'><strong>aut</strong></span> <span class='ocrx_word' id='word_1_249' title='bbox 344 4238 388 4313; x_wconf 91' lang='lat' dir='ltr'><strong>ab</strong></span> <span class='ocrx_word' id='word_1_250' title='bbox 416 4239 583 4312; x_wconf 90' lang='lat' dir='ltr'><strong>anteriori</strong></span> <span class='ocrx_word' id='word_1_251' title='bbox 610 4250 647 4312; x_wconf 89' lang='lat' dir='ltr'><strong>et</strong></span> <span class='ocrx_word' id='word_1_252' title='bbox 671 4237 851 4338; x_wconf 88' lang='lat' dir='ltr'><strong>superiori</strong></span> <span class='ocrx_word' id='word_1_253' title='bbox 876 4237 967 4311; x_wconf 85' lang='lat' dir='ltr'><strong>lucie</strong></span> <span class='ocrx_word' id='word_1_254' title='bbox 993 4235 1040 4310; x_wconf 93' lang='lat' dir='ltr'><strong>ad</strong></span> <span class='ocrx_word' id='word_1_255' title='bbox 1066 4237 1302 4336; x_wconf 89' lang='lat' dir='ltr'><strong>posteriorem</strong></span> <span class='ocrx_word' id='word_1_256' title='bbox 1328 4250 1363 4310; x_wconf 90' lang='lat' dir='ltr'><strong>et</strong></span> <span class='ocrx_word' id='word_1_257' title='bbox 1390 4236 1592 4309; x_wconf 83' lang='lat' dir='ltr'><strong>inferiorem</strong></span> <span class='ocrx_word' id='word_1_258' title='bbox 1617 4233 1915 4334; x_wconf 88' lang='lat' dir='ltr'><strong>progredientem.</strong></span> 
     </span>
    </p>

    <p class='ocr_par' dir='ltr' id='par_1_10' title="bbox 255 4367 2089 4609">
     <span class='ocr_line' id='line_1_27' title="bbox 407 4367 2089 4469; baseline -0.003 -20"><span class='ocrx_word' id='word_1_259' title='bbox 407 4373 749 4449; x_wconf 65' lang='lat' dir='ltr'><strong>avocamentum</strong></span> <span class='ocrx_word' id='word_1_260' title='bbox 777 4373 973 4448; x_wconf 90' lang='lat' dir='ltr'><strong>undulatim</strong></span> <span class='ocrx_word' id='word_1_261' title='bbox 999 4373 1164 4469; x_wconf 88' lang='lat' dir='ltr'><strong>llectitur,</strong></span> <span class='ocrx_word' id='word_1_262' title='bbox 1192 4387 1231 4445; x_wconf 91' lang='grc' dir='ltr'><strong>ιιι</strong></span> <span class='ocrx_word' id='word_1_263' title='bbox 1258 4372 1333 4445; x_wconf 87' lang='lat' dir='ltr'><strong>sere</strong></span> <span class='ocrx_word' id='word_1_264' title='bbox 1360 4371 1598 4469; x_wconf 84' lang='lat' dir='ltr'><strong>spermatozoi</strong></span> <span class='ocrx_word' id='word_1_265' title='bbox 1625 4367 1749 4467; x_wconf 89' lang='lat' dir='ltr'><strong>cauda,</strong></span> <span class='ocrx_word' id='word_1_266' title='bbox 1777 4368 1813 4441; x_wconf 94' lang='lat' dir='ltr'><strong>id</strong></span> <span class='ocrx_word' id='word_1_267' title='bbox 1839 4368 1934 4467; x_wconf 92' lang='lat' dir='ltr'><strong>quod</strong></span> <span class='ocrx_word' id='word_1_268' title='bbox 1950 4370 1988 4443; x_wconf 90' lang='lat' dir='ltr'><strong>irr</strong></span> <span class='ocrx_word' id='word_1_269' title='bbox 2006 4372 2089 4444; x_wconf 84' lang='lat' dir='ltr'><strong>ani-</strong></span> 
     </span>
     <span class='ocr_line' id='line_1_28' title="bbox 255 4501 1571 4609; baseline -0.005 -22"><span class='ocrx_word' id='word_1_270' title='bbox 255 4509 409 4587; x_wconf 88' lang='lat' dir='ltr'><strong>malibus</strong></span> <span class='ocrx_word' id='word_1_271' title='bbox 435 4509 649 4607; x_wconf 89' lang='lat' dir='ltr'><strong>quibusdam</strong></span> <span class='ocrx_word' id='word_1_272' title='bbox 674 4501 903 4609; x_wconf 89' lang='lat' dir='ltr'><strong>superiorum</strong></span> <span class='ocrx_word' id='word_1_273' title='bbox 928 4507 1092 4583; x_wconf 91' lang='lat' dir='ltr'><strong>ordinum</strong></span> <span class='ocrx_word' id='word_1_274' title='bbox 1118 4507 1255 4582; x_wconf 90' lang='lat' dir='ltr'><strong>vidisse</strong></span> <span class='ocrx_word' id='word_1_275' title='bbox 1283 4531 1350 4582; x_wconf 88' lang='lat' dir='ltr'><strong>nos</strong></span> <span class='ocrx_word' id='word_1_276' title='bbox 1376 4507 1571 4605; x_wconf 88' lang='lat' dir='ltr'><strong>opinamur.</strong></span> 
     </span>
    </p>

    <p class='ocr_par' dir='ltr' id='par_1_11' title="bbox 257 4638 2158 5018">
     <span class='ocr_line' id='line_1_29' title="bbox 407 4638 2088 4741; baseline -0.004 -22"><span class='ocrx_word' id='word_1_277' title='bbox 407 4643 442 4723; x_wconf 88' lang='grc'><strong>3.</strong></span> <span class='ocrx_word' id='word_1_278' title='bbox 469 4645 675 4722; x_wconf 88' lang='lat' dir='ltr'><strong>Uacinatim</strong></span> <span class='ocrx_word' id='word_1_279' title='bbox 702 4657 900 4721; x_wconf 88' lang='lat' dir='ltr'><strong>curvantur</strong></span> <span class='ocrx_word' id='word_1_280' title='bbox 926 4644 1018 4741; x_wconf 86' lang='lat' dir='ltr'><strong>cilia,</strong></span> <span class='ocrx_word' id='word_1_281' title='bbox 1046 4656 1097 4740; x_wconf 88' lang='lat' dir='ltr'><strong>ut,</strong></span> <span class='ocrx_word' id='word_1_282' title='bbox 1126 4642 1266 4719; x_wconf 89' lang='lat' dir='ltr'><strong>duabus</strong></span> <span class='ocrx_word' id='word_1_283' title='bbox 1292 4642 1520 4717; x_wconf 82' lang='lat' dir='ltr'><strong>inferioribus</strong></span> <span class='ocrx_word' id='word_1_284' title='bbox 1538 4638 1699 4738; x_wconf 89' lang='lat' dir='ltr'><strong>partibus</strong></span> <span class='ocrx_word' id='word_1_285' title='bbox 1718 4651 1779 4713; x_wconf 89' lang='lat' dir='ltr'><strong>aut</strong></span> <span class='ocrx_word' id='word_1_286' title='bbox 1798 4639 1904 4738; x_wconf 92' lang='lat' dir='ltr'><strong>plaue</strong></span> <span class='ocrx_word' id='word_1_287' title='bbox 1920 4663 1991 4712; x_wconf 90' lang='lat' dir='ltr'><strong>non</strong></span> <span class='ocrx_word' id='word_1_288' title='bbox 2006 4663 2088 4713; x_wconf 91' lang='lat' dir='ltr'><strong>mo-</strong></span> 
     </span>
     <span class='ocr_line' id='line_1_30' title="bbox 257 4767 2087 4882; baseline -0.005 -25"><span class='ocrx_word' id='word_1_289' title='bbox 257 4782 304 4857; x_wconf 89' lang='lat' dir='ltr'><strong>tis</strong></span> <span class='ocrx_word' id='word_1_290' title='bbox 322 4795 383 4856; x_wconf 87' lang='lat' dir='ltr'><strong>aut</strong></span> <span class='ocrx_word' id='word_1_291' title='bbox 401 4805 527 4882; x_wconf 89' lang='lat' dir='ltr'><strong>parum</strong></span> <span class='ocrx_word' id='word_1_292' title='bbox 544 4782 784 4858; x_wconf 85' lang='lat' dir='ltr'><strong>tantummodo</strong></span> <span class='ocrx_word' id='word_1_293' title='bbox 806 4781 1117 4878; x_wconf 86' lang='lat' dir='ltr'><strong>motis,&#39;superior</strong></span> <span class='ocrx_word' id='word_1_294' title='bbox 1142 4781 1247 4853; x_wconf 89' lang='lat' dir='ltr'><strong>tertia</strong></span> <span class='ocrx_word' id='word_1_295' title='bbox 1273 4804 1359 4877; x_wconf 89' lang='lat' dir='ltr'><strong>pars</strong></span> <span class='ocrx_word' id='word_1_296' title='bbox 1384 4767 1585 4851; x_wconf 84' lang='lat' dir='ltr'><strong>inflectatur</strong></span> <span class='ocrx_word' id='word_1_297' title='bbox 1610 4774 1779 4873; x_wconf 90' lang='lat' dir='ltr'><strong>illicoque</strong></span> <span class='ocrx_word' id='word_1_298' title='bbox 1805 4771 2021 4868; x_wconf 86' lang='lat' dir='ltr'><strong>reflectatur,</strong></span> <span class='ocrx_word' id='word_1_299' title='bbox 2049 4772 2087 4848; x_wconf 92' lang='lat' dir='ltr'><strong>id</strong></span> 
     </span>
     <span class='ocr_line' id='line_1_31' title="bbox 257 4908 2158 5018; baseline -0.008 -26"><span class='ocrx_word' id='word_1_300' title='bbox 257 4915 353 5018; x_wconf 94' lang='lat' dir='ltr'><strong>quod</strong></span> <span class='ocrx_word' id='word_1_301' title='bbox 380 4919 415 4992; x_wconf 92' lang='lat' dir='ltr'><strong>in</strong></span> <span class='ocrx_word' id='word_1_302' title='bbox 440 4916 620 4995; x_wconf 85' lang='lat' dir='ltr'><strong>branchiis</strong></span> <span class='ocrx_word' id='word_1_303' title='bbox 653 4919 820 4994; x_wconf 91' lang='lat' dir='ltr'><strong>unionum</strong></span> <span class='ocrx_word' id='word_1_304' title='bbox 846 4916 927 4993; x_wconf 88' lang='lat' dir='ltr'><strong>binc</strong></span> <span class='ocrx_word' id='word_1_305' title='bbox 954 4915 1036 4993; x_wconf 90' lang='lat' dir='ltr'><strong>iude</strong></span> <span class='ocrx_word' id='word_1_306' title='bbox 1079 4916 1363 4992; x_wconf 86' lang='lat' dir='ltr'><strong>observavimus.</strong></span> <span class='ocrx_word' id='word_1_307' title='bbox 1416 4908 1511 4989; x_wconf 82' lang='lat' dir='ltr'><strong>Cum</strong></span> <span class='ocrx_word' id='word_1_308' title='bbox 1539 4909 1668 4984; x_wconf 89' lang='lat' dir='ltr'><strong>tribula</strong></span> <span class='ocrx_word' id='word_1_309' title='bbox 1694 4908 1777 4983; x_wconf 90' lang='lat' dir='ltr'><strong>inde</strong></span> <span class='ocrx_word' id='word_1_310' title='bbox 1803 4908 2019 5007; x_wconf 90' lang='lat' dir='ltr'><strong>comparatio</strong></span> <span class='ocrx_word' id='word_1_311' title='bbox 2048 4933 2087 4983; x_wconf 93' lang='lat' dir='ltr'><strong>re</strong></span> <span class='ocrx_word' id='word_1_312' title='bbox 2155 4970 2158 4976; x_wconf 85' lang='lat'>.</span> 
     </span>
    </p>
   </div>
   <div class='ocr_carea' id='block_1_7' title="bbox 257 5055 2086 5279">
    <p class='ocr_par' dir='ltr' id='par_1_12' title="bbox 257 5055 2086 5279">
     <span class='ocr_line' id='line_1_32' title="bbox 257 5055 529 5153; baseline 0.015 -26"><span class='ocrx_word' id='word_1_313' title='bbox 257 5055 337 5153; x_wconf 92' lang='lat' dir='ltr'><strong>ipsa</strong></span> <span class='ocrx_word' id='word_1_314' title='bbox 363 5056 529 5131; x_wconf 90' lang='lat' dir='ltr'><strong>occurrit.</strong></span> 
     </span>
     <span class='ocr_line' id='line_1_33' title="bbox 411 5178 2086 5279; baseline -0.008 -13"><span class='ocrx_word' id='word_1_315' title='bbox 411 5186 656 5267; x_wconf 83' lang='lat' dir='ltr'><strong>Uadulotione</strong></span> <span class='ocrx_word' id='word_1_316' title='bbox 700 5198 736 5264; x_wconf 90' lang='lat' dir='ltr'><strong>et</strong></span> <span class='ocrx_word' id='word_1_317' title='bbox 760 5189 1005 5264; x_wconf 78' lang='lat' dir='ltr'><strong>‘uncinatioue</strong></span> <span class='ocrx_word' id='word_1_318' title='bbox 1050 5185 1121 5261; x_wconf 92' lang='lat' dir='ltr'><strong>cilii</strong></span> <span class='ocrx_word' id='word_1_319' title='bbox 1157 5182 1302 5259; x_wconf 82' lang='lat' dir='ltr'><strong>effectos</strong></span> <span class='ocrx_word' id='word_1_320' title='bbox 1345 5196 1465 5259; x_wconf 91' lang='lat' dir='ltr'><strong>motus</strong></span> <span class='ocrx_word' id='word_1_321' title='bbox 1492 5180 1638 5254; x_wconf 91' lang='lat' dir='ltr'><strong>minoris</strong></span> <span class='ocrx_word' id='word_1_322' title='bbox 1663 5180 1768 5279; x_wconf 89' lang='lat' dir='ltr'><strong>pretii</strong></span> <span class='ocrx_word' id='word_1_323' title='bbox 1796 5203 1879 5254; x_wconf 87' lang='lat' dir='ltr'><strong>esse</strong></span> <span class='ocrx_word' id='word_1_324' title='bbox 1906 5178 2086 5273; x_wconf 85' lang='lat' dir='ltr'><strong>videatur,</strong></span> 
     </span>
    </p>
   </div>
   <div class='ocr_carea' id='block_1_8' title="bbox 0 0 2348 6036">
    <p class='ocr_par' dir='ltr' id='par_1_13' title="bbox 0 0 2348 6036">
     <span class='ocr_line' id='line_1_34' title="bbox 0 0 2348 6036; baseline 0 0"><span class='ocrx_word' id='word_1_325' title='bbox 0 0 2348 6036; x_wconf 95' lang='lat' dir='ltr'><strong> </strong></span> 
     </span>
    </p>
   </div>
  </div>
 </body>
</html>
