4688 6038
1089 527 1267 599 ..5-
1382 595 1385 603 .

268 709 304 783 in
332 709 459 808 quavis
487 709 617 784 cellula
643 713 808 788 contenti.
867 710 964 786 Nam
990 723 1121 788 nostrae
1146 715 1416 788 observationes
1444 735 1552 812 quom
1579 735 1701 789 eorum
1729 714 1970 812 experimenta
1996 736 2085 802 conf·

268 843 418 941 firment,
447 847 660 944 quindicant,
689 872 756 921 non
783 848 951 948 globulos
978 851 1076 946 ipsos
1103 863 1229 947 sponte
1255 851 1401 944 moveri,
1434 849 1510 945 sed,
1544 863 1637 925 moto
1664 849 1782 945 lluido,
1815 849 1905 922 trahi
1930 872 1973 920 ac
2000 871 2087 945 pro·-⁴

267 979 375 1077 trudi,
404 994 464 1054 aut
491 982 635 1055 llnidum
663 985 776 1080 ipsum
801 1002 952 1063 movens
978 997 1034 1057 est
1061 999 1122 1057 aut
1150 986 1287 1058 cellulae
1314 987 1446 1084 paries:
1475 988 1608 1082 quaesi
1635 987 1681 1058 sit
1709 1010 1838 1059 caussa
1853 998 1985 1058 motum
2006 981 2086 1056 elfi-

269 1115 377 1212 ciens,
407 1116 499 1190 ciliis
527 1121 692 1191 continuo
719 1118 940 1193 vibrantibus
956 1145 1174 1218 succumque
1190 1120 1482 1218 promoventibus
1510 1120 1660 1194 obsessa
1679 1123 1827 1219 cogitari
1841 1120 1943 1193 facile
1959 1118 2088 1216 possit,

180 1244 184 1252 ’
268 1248 402 1349 Neque
430 1264 546 1326 autem
575 1254 802 1327 confirmatur
829 1258 1055 1352 experientia.
1119 1234 1314 1356 Nunquam
1341 1255 1385 1329 ad
1412 1255 1478 1328 hoc
1504 1267 1644 1352 tempus
1670 1259 1705 1329 in
1734 1253 1880 1352 ChariS,
1906 1274 2088 1350 nunquam

268 1388 304 1458 in
332 1387 463 1484 plantis
490 1389 580 1484 aliis,
609 1413 700 1488 quac
727 1390 967 1464 circulatiouis
993 1391 1204 1491 hocgenere
1231 1374 1299 1466 runi
1326 1404 1458 1486 carent,
1487 1416 1562 1465 v.c.
1590 1390 1629 1461 V
1632 1391 1812 1464 allisneria
1838 1391 1971 1487 spirali,
2000 1385 2086 1487 Hy-

270 1520 479 1595 drocham'de
506 1549 627 1597 morsu
655 1550 757 1618 rame,
786 1522 961 1600 Stratiote
988 1526 1112 1623 alcide,
1140 1527 1397 1602 Tradescantia
1424 1529 1597 1624 virginica
1624 1526 1668 1600 al.
1695 1527 1776 1599 cilia
1803 1538 1903 1597 erant
1923 1521 2087 1600 videnda

270 1655 314 1730 In
341 1656 382 1728 V
384 1659 599 1756 allisneriam
626 1650 793 1757 spiralem
817 1652 902 1757 ¹plus
928 1661 1038 1735 semel
1067 1675 1102 1735 et
1128 1663 1273 1737 assidue
1300 1664 1564 1760 inquisivimus3
1592 1660 1742 1735 cellulas
1769 1682 1918 1758 quarum
1943 1658 2004 1731 illc
2031 1666 2087 1732 cst

271 1794 461 1889 circuitus,
499 1796 642 1894 longas,
677 1795 841 1895 singulas
874 1809 908 1869 et
936 1796 1127 1892 discretas,
1161 1810 1235 1872 tum
1262 1801 1437 1897 integras,
1465 1811 1539 1869 turn
1566 1796 1870 1894 longitudinaliter
1898 1794 2085 1889 dissectae,

268 1940 345 2001 turn
372 1930 919 2028 perpendiculariter-descissas
946 1945 981 2005 et
1006 1936 1158 2006 maxima
1184 1935 1331 2006 lentium
1357 1932 1625 2030 amplificatione
1661 1943 1696 2006 et
1730 1933 1812 2005 luce
1844 1930 1913 2004 diei
1945 1924 2095 2013 clariori,

272 2064 431 2162 solisque
459 2067 573 2162 ipsius
599 2069 668 2162 usi,
705 2067 803 2140 nullo
838 2091 1003 2166 umquam
1030 2082 1148 2141 motus
1175 2068 1357 2142 ribrutorii
1386 2068 1444 2140 rel
1472 2068 1632 2139 ciliorum
1658 2069 1833 2166 vestigio,
1862 2058 2089 2164 contemplati

227 2272 229 2276 ,
271 2224 408 2275 sumus.
459 2200 607 2298 Neque,
640 2200 677 2274 id
709 2201 802 2300 quod
835 2226 901 2275 nos
934 2202 1098 2300 vidimus,
1127 2206 1162 2277 in
1189 2203 1499 2301 Ectospermatum
1537 2214 1571 2274 et
1596 2200 1896 2275 'Vaucheriarum
1929 2196 2094 2300 globulis¹

271 2337 468 2436 prolileriS,
502 2361 616 2434 neque
649 2338 684 2408 in
712 2335 952 2413 Oseillntoriis
986 2352 1104 2412 motus
1138 2340 1259 2412 inesse
1285 2338 1443 2434 videtur,
1477 2348 1517 2411 ut
1544 2348 1579 2411 et
1606 2339 1705 2411 succi
1733 2335 1916 2411 cellularis
1942 2332 2089 2421 fluidum

271 2484 307 2546 et
333 2471 501 2572 globulos
528 2472 609 2545 illos
638 2484 673 2544 et
699 2472 758 2545 fila
784 2475 821 2545 vi
849 2474 953 2546 insita
980 2499 1043 2571 per
1069 2500 1111 2549 sc
1137 2476 1271 2548 moveri
1299 2499 1364 2547 nec
1391 2498 1454 2572 pro
1478 2486 1674 2570 temporum
1690 2476 1837 2547 scientia
1855 2472 2088 2545 vibrationem

270 2610 306 2682 iu
334 2606 465 2705 plantis
492 2609 638 2705 reperiri
666 2606 851 2680 adfirmare
878 2632 1055 2683 conemur.
1108 2606 1210 2699 Quae
1238 2610 1328 2682 enim
1356 2607 1655 2684 Gruithuisen
1683 2606 1829 2707 (Salzb.
1855 2606 1980 2681 medin.
2002 2604 2087 2680 chir.

270 2743 449 2841 Zeitung?
467 2739 578 2816 1818.
591 2741 662 2817 IV.
688 2769 721 2842 p.
731 2740 842 2838 223.)
870 2741 914 2814 dc
933 2740 1113 2826 Conseri-a
1126 2746 1269 2843 quinino
1287 2745 1405 2840 refert,
1435 2768 1476 2816 ea
1504 2743 1547 2816 ad
1563 2743 1961 2842 Bacillarias-genus
1978 2740 2087 2814 rebus

271 2880 423 2952 maxime
448 2879 570 2972 variiS,
598 2877 808 2951 animalibus
835 2879 926 2950 enim
953 2890 988 2951 et
1015 2877 1155 2975 plantis,
1183 2879 1273 2953 alias
1299 2879 1764 2978 repletum-recensenda
1791 2901 1873 2952 esse
1900 2877 2085 2972 sentimus,

273 3037 381 3113 quum
408 3024 443 3086 et
470 3023 594 3085 auctor
620 3011 745 3086 dehis
772 3011 938 3111 loquatur
964 3025 999 3086 et
1026 3015 1234 3113 pleraeque,
1263 3040 1355 3116 quae
1381 3040 1468 3089 vera
1495 3025 1578 3088 sunt
1606 3015 1783 3111 animalia,
1814 3012 2087 3086 Bacillariarum

272 3149 414 3249 species
439 3159 572 3220 motum
598 3147 830 3231 vibratorium
856 3148 1016 3222 habeant.
1069 3146 1258 3223 Conlervae
1285 3153 1376 3224 enirn
1404 3151 1556 3249 quininac
1578 3148 1678 3223 filum
1704 3147 1871 3247 progredi
1898 3173 1966 3220 non
1981 3143 2087 3219 vide·

256 3294 341 3397 ‘lt
369 3283 438 3356 nisi
465 3307 537 3355 rem
566 3283 671 3378 illam,
700 3281 868 3382 aMeyeu
890 3285 964 3381 jam
991 3282 1179 3379 laudatam,
1208 3285 1301 3383 quod
1328 3285 1450 3383 spirali
1477 3296 1576 3360 motu
1594 3295 1879 3382 contorqueatur,
1907 3302 2086 3355 cumvero

270 3432 370 3494 motu
399 3417 593 3491 vibratorio
624 3416 718 3490 velis
750 3419 974 3493 conlundere.
999 3459 1050 3472 -
1101 3419 1267 3517 Denique
1305 3420 1553 3494 animalculum
1584 3446 1651 3495 nos
1685 3420 1754 3517 ipsi
1790 3442 1868 3493 cum
1904 3416 2088 3489 Wimmer

272 3555 449 3653 conjuncti
476 3552 682 3631 adcuratius
709 3564 790 3627 ante
817 3547 946 3627 annum
974 3564 1008 3627 et
1035 3554 1130 3652 quod
1157 3555 1297 3628 excedit
1323 3557 1357 3628 in
1382 3555 1597 3630 Vaucheriae
1623 3555 1769 3629 clavatae
1786 3554 1858 3628 filis
1875 3552 2086 3646 deteximus

272 3691 366 3793 quod
392 3714 526 3789 organo
553 3690 722 3762 rotatorio
748 3689 860 3761 utitur
886 3690 1060 3786 cujusque
1079 3691 1153 3787 jam
1180 3690 1392 3789 embryones
1420 3693 1499 3765 ovis
1526 3692 1654 3765 inclusi
1680 3690 1831 3762 vibrant.
1881 3685 1937 3761 At
1961 3709 2087 3759 verum
2184 3762 2191 3779 ‚

271 3831 338 3904 lroo
353 3838 409 3902 est
423 3835 595 3899 entozoon
621 3823 1068 3923 plantae—vegetabilium
1094 3827 1186 3898 eninr
1212 3825 1533 3926 helmintlrologiam
1561 3826 1664 3924 plane
1690 3824 1826 3899 adhoc
1852 3833 1994 3920 tempus
2021 3843 2088 3894 ne.-

271 3965 425 4064 glectam
440 3976 544 4054 esse,
566 3961 650 4056 jure
668 3958 993 4059 dolemus÷qu0d
1019 3984 1072 4056 ea,
1100 3985 1191 4059 quac
1202 3960 1421 4057 tradidimus,
1449 3987 1519 4036 uon
1545 3961 1729 4061 adtingere
1755 3960 1837 4034 lucc
1863 3970 1919 4033 est
1945 3957 2088 4031 clarius

254 4101 331 4173 -Ile
358 4093 568 4172 animalculo
596 4095 638 4170 cl.
663 4092 710 4193 id,
738 4095 834 4196 quod
859 4097 891 4180 §-
922 4094 984 4172 24.
1014 4066 1311 4198 Elrrenbergii
1345 4080 1613 4173 observationes
1647 4096 1913 4172 recentissimas
1940 4090 2086 4168 relaturi

271 4255 500 4334 exponemus.
526 4272 577 4284 -

1035 4416 1240 4518 capnt
1273 4410 1326 4500 2.
1391 4393 1396 4396 ’

273 4604 450 4701 Eorum,
484 4629 591 4706 quae
627 4602 677 4679 de
711 4613 826 4679 motu
861 4606 1118 4681 ribratorio
1154 4631 1176 4680 a
1209 4606 1349 4679 variis
1381 4605 1633 4680 auctoribus
1665 4614 1771 4678 sunt
1797 4603 1955 4697 relata,
1984 4621 2088 4673 con-

744 4748 936 4838 spectus
970 4742 1124 4817 brevis
1156 4740 1617 4816 historico-criticus.

1129 4908 1235 4994 tto.

424 5041 567 5136 ouibus
599 5055 719 5121 motus
750 5045 812 5122 ille
839 5043 1056 5122 vibratorius
1082 5055 1189 5119 notus
1215 5044 1344 5119 suisset
1375 5037 1599 5139 auctoribus,
1641 5045 1773 5142 quique
1810 5041 1921 5114 rerba
1965 5038 2009 5110 de
2047 5057 2090 5108 eo

272 5182 451 5276 iecissent,
480 5179 561 5253 hinc
586 5180 668 5254 inde
693 5165 906 5257 monuerunt
931 5183 1001 5256 riri
1028 5179 1133 5276 docti,
1169 5179 1215 5253 dc
1240 5178 1385 5279 singulo
1412 5178 1561 5279 quodam
1584 5177 1694 5276 lrujus
1719 5177 1878 5276 generis,
1890 5174 2090 5273 plraenome·
