4688 6038
1074 530 1294 614 ..as-q

412 719 499 795 Nec
524 718 619 819 quod
643 717 726 794 'libi
751 719 788 794 iu
814 717 1125 796 observationibus
1149 718 1378 795 instituendis
1403 719 1496 796 lucis
1512 739 1639 820 'genus
1666 720 1799 821 eligas,
1844 722 1976 799 minimi
2010 737 2089 798 mo·
2233 726 2236 732 ‘

263 857 369 930 menti
394 880 470 931 rem
496 855 638 932 habeas.
689 853 775 930 Diei
801 854 866 930 lux
892 853 1021 930 clarior
1047 866 1082 930 et
1109 867 1252 930 cnutum
1278 854 1547 930 obsorvatorem
1570 867 1605 930 et
1622 856 1986 956 primumintuentem
2006 855 2089 957 plus

263 991 368 1066 decet
391 992 473 1070 alia.
524 988 629 1068 coto
655 1003 774 1066 autem
799 990 920 1066 nubilo
947 999 983 1064 et
1007 989 1149 1067 turbido
1174 990 1330 1064 lucernae
1356 989 1474 1064 lucem
1505 990 1612 1090 longe
1645 990 1828 1066 meliorem
1854 1004 1891 1067 et
1917 995 2090 1092 aptiorem

264 1153 347 1202 esse
373 1129 409 1202 in
434 1128 671 1226 microscopio
697 1135 820 1200 nostro
847 1125 1066 1200 Ploessliano
1089 1125 1294 1203 sexcenties
1321 1126 1459 1224 experti
1486 1149 1630 1222 sumus,
1658 1151 1762 1225 quant
1789 1129 1882 1201 omni
1913 1128 1991 1203 iere
2016 1128 2089 1203 luci

265 1263 324 1338 alii
350 1263 518 1363 preferre
544 1287 615 1338 uon
641 1262 870 1361 dubitamus„
907 1258 1008 1338 Solis
1033 1261 1152 1338 lumen
1179 1260 1378 1336 immediate
1403 1259 1595 1335 adhibitum
1620 1258 1829 1362 plerumque
1844 1286 1914 1339 uon
1940 1274 2012 1338 tam
2025 1265 2090 1360 ju-

266 1415 342 1495 rat,
377 1423 481 1498 quam
509 1398 640 1474 turbat.

412 1532 636 1633 Adjumeota
654 1531 813 1632 quedam
839 1529 1005 1628 chemica,
1033 1530 1163 1631 quibus
1188 1515 1349 1608 ciliorum
1375 1542 1502 1605 natura
1527 1530 1656 1606 melius
1681 1531 1930 1629 conspiciatur,
1959 1557 2090 1608 nenos

264 1667 447 1766 sapentiae
474 1679 689 1766 repetamus,
717 1668 806 1743 inira
832 1670 949 1767 capite
971 1665 1031 1744 10.
1046 1669 1302 1743 recensuimus.
1352 1667 1413 1741 De
1438 1667 1803 1768 sangninetamqnam
1820 1690 1859 1741 re
1873 1684 2005 1742 motum
2022 1693 2090 1744 no-

263 1822 376 1876 strum
404 1805 570 1878 retinenti
596 1828 639 1879 ac
664 1804 891 1879 conservanti
919 1783 1008 1902 Cap.
1034 1801 1094 1879 12.
1121 1803 1237 1878 insius
1263 1802 1505 1878 tractabimus.

413 1936 534 2038 Aqoae
561 1938 681 2014 donus
708 1952 744 2013 et
768 1939 926 2013 vortices
954 1962 1024 2037 quo
1050 1938 1179 2014 melius
1206 1936 1472 2038 dignoscantur,
1501 1935 1729 2035 pulvisculus
1754 1937 2014 2013 subtilissimus
2033 1954 2089 2014 est

264 2070 460 2170 addendus,
489 2076 592 2172 cujus
620 2074 800 2173 particulae
824 2085 943 2148 motus
969 2098 1087 2172 genus
1113 2085 1149 2148 et
1174 2057 1266 2147 viam
1302 2072 1493 2148 dilucidius
1526 2071 1690 2148 indicent.
1743 2069 1814 2149 Oui
1848 2075 1899 2147 rei
1925 2099 2089 2180 macera-

263 2224 338 2281 tum
364 2208 458 2283 oculi
486 2211 704 2311 pigmentum
731 2209 839 2309 longe
866 2210 1085 2308 aptissimum
1113 2210 1322 2310 reperimus.

1115 2481 1138 2564 s
1178 2476 1239 2554 36.

415 2610 549 2714 Neque
575 2613 776 2713 adjumenta
801 2613 889 2708 sola,
917 2611 983 2688 sed
1010 2613 1113 2687 etiam
1141 2612 1388 2713 impedimenta
1422 2611 1709 2691 observationum
1743 2613 1953 2691 nominanda
1986 2615 2088 2691 nobis

262 2756 350 2822 suot
373 2748 506 2846 majora
531 2747 727 2853 facilesque
753 2749 1056 2825 hallucinationes.
1108 2747 1233 2824 Varie
1276 2749 1368 2825 enim
1403 2773 1464 2825 res
1496 2731 1630 2824 motum
1660 2750 1893 2829 vibratorium
1919 2751 2088 2827 simulare

264 2894 434 2983 possunt:
1914 2969 1917 2978 ,

414 3017 449 3096 l.
475 3016 621 3093 Fluxus
646 3042 747 3120 aquae
773 3043 815 3095 se
833 3019 1014 3096 dilatantis
1040 3018 1200 3117 celerior,
1229 3019 1389 3118 inprimis
1412 3019 1447 3092 si
1474 3019 1647 3118 particula
1670 3022 1930 3121 compressorio
1956 3025 2089 3099 micro-

262 3154 392 3234 comico
406 3154 658 3254 comprimitur.
710 3153 783 3247 Oui
810 3180 912 3234 error
936 3155 1040 3230 iacile
1067 3155 1110 3231 ab
1138 3154 1369 3230 observatore
1394 3165 1500 3230 cauto
1526 3165 1562 3228 et
1587 3155 1720 3231 usitato
1746 3154 1936 3256 detegitur.

413 3290 449 3367 2.
476 3286 677 3367 Circulatio
709 3293 887 3391 sanginis,
932 3292 992 3391 qui
1036 3263 1057 3365 e
1088 3294 1189 3366 vasis
1226 3289 1368 3391 quidem
1408 3287 1635 3389 capillaribus
1669 3314 1871 3366 excurrens
1903 3305 1974 3367 tam
2019 3295 2090 3369 cito

263 3421 350 3521 nait,
377 3439 417 3500 ut
445 3427 593 3527 primum
622 3426 830 3527 adspectum
856 3426 959 3501 facile
985 3426 1121 3520 turbet;
1146 3450 1229 3501 mox
1255 3449 1344 3501 vero
1371 3424 1498 3500 deinde
1529 3449 1597 3500 sua
1631 3426 1711 3525 ipsa
1737 3438 1864 3504 natura
1889 3428 2090 3504 certissime

265 3556 501 3657 dignoscitur.
553 3560 664 3663 Aqua
684 3559 837 3661 turpido,
864 3561 1081 3636 lllonadibus
1107 3562 1244 3661 repleta
1269 3561 1420 3636 eundem
1447 3584 1544 3660 sape
1570 3560 1730 3635 enectum
1758 3560 1871 3639 habet.

349 3676 355 3687 ’
414 3694 450 3774 3,
476 3694 571 3775 cilia
598 3698 789 3794 vibrantia,
833 3697 1004 3795 sistent,
1031 3710 1208 3796 tamquam
1233 3720 1356 3799 margo
1383 3695 1690 3795 semipellucidus,
1709 3698 2089 3799 superficieiadapta-

262 3840 334 3925 tos,
359 3845 547 3931 apparent3
574 3856 645 3935 quo
671 3831 876 3910 characters
902 3845 1153 3935 agnoscantur.
1203 3831 1340 3908 'l'amen
1366 3832 1494 3907 similis
1520 3830 1662 3931 quidam
1676 3856 1801 3933 margo
1827 3835 1968 3933 opticus
1994 3835 2090 3935 aslu-

261 3964 317 4038 ris
342 3965 530 4045 inflexione
557 3968 716 4070 pendens
743 3981 779 4044 et
805 3971 840 4047 iu
867 3969 1128 4071 superficiebus
1153 3968 1234 4044 hinc
1260 3964 1342 4044 inde
1368 3991 1436 4042 non
1461 3967 1683 4043 vibrantibus
1709 3971 1865 4044 occurrit
1891 3994 2007 4070 neque
2032 3971 2089 4045 ia·

261 4098 331 4175 cilo
355 4100 572 4181 discernitur
597 4131 618 4181 u
644 4106 804 4206 margine
831 4086 991 4180 ciliorum
1025 4128 1123 4182 vero.
1174 4105 1394 4203 Plerumque
1425 4102 1628 4205 iristiolog'ia
1669 4105 1780 4205 partis
1815 4107 1970 4182 recentis
2003 4130 2089 4181 cer·

261 4236 372 4313 tiores
405 4263 473 4315 nos
499 4240 649 4316 reddere
676 4253 712 4316 et
739 4239 845 4316 debet
871 4253 906 4316 et
932 4241 1040 4318 valet.
1093 4239 1193 4315 Vide
1218 4240 1308 4315 inira
1335 4237 1427 4339 Cap.
1454 4239 1488 4314 7.

412 4372 593 4452 proterea
618 4400 707 4452 vero
734 4375 921 4454 fluidorum
946 4401 1091 4479 genera,
1119 4376 1249 4477 quibus
1275 4373 1458 4474 particulae
1485 4377 1719 4470 continentur,
1748 4385 1784 4448 et
1808 4377 1980 4474 temporis
2005 4377 2088 4453 lon-

257 4507 382 4606 gitudo
410 4520 492 4613 post
517 4524 663 4591 mortem
691 4512 805 4615 elapsi
832 4513 935 4589 facile
962 4537 1028 4616 pro
1054 4511 1312 4612 impedimentis
1337 4509 1501 4586 mediatis
1526 4508 1649 4584 haberi
1683 4521 1855 4608 possunt,
1888 4511 2088 4591 secundum

245 4642 457 4727 ,aduttum
484 4647 692 4723 varietatem
718 4651 840 4728 variis.
891 4644 954 4726 Ne
980 4674 1072 4749 aqua
1099 4648 1240 4750 quidem
1266 4646 1456 4743 destillata,
1482 4643 1521 4720 id
1546 4643 1640 4744 quod
1662 4644 1752 4720 inira
1777 4643 1990 4746 videbimus,
2017 4673 2086 4724 ex·

256 4775 396 4879 optor,
423 4780 544 4859 dotti·
570 4783 761 4882 organicis,
788 4784 901 4863 veluti
929 4810 1078 4863 ovorum
1105 4784 1229 4860 vitello
1256 4796 1292 4859 et
1310 4782 1497 4880 albumine,
1516 4779 1693 4880 sanguine
1710 4778 1765 4879 al,
1793 4780 1952 4857 ordinem
1969 4761 2086 4884 quen·

254 4907 335 4989 du
360 4911 466 5015 boios
492 4919 544 5000 rot
570 4915 845 4998 adscendentem
872 4923 974 5022 qussi
999 4921 1243 4999 formantibus.
1294 4917 1354 4996 De
1379 4917 1435 4996 lris
1461 4917 1546 4993 vide
1570 4917 1662 4994 inira
1687 4912 1779 5016 (inp.
1801 4912 1865 4993 ta.
