4688 6038
1070 523 1272 598 ..73-
1372 494 1379 507 ’

288 790 293 799 ,
377 708 392 772 ῗ
462 707 621 817 aSalia
633 708 788 784 alkaliua
814 714 857 783 (e
873 717 1039 784 veterum·
1048 710 1225 786 sententia
1239 735 1260 784 a
1274 709 1460 785 metallicis
1486 676 1779 810 distinguendam
1802 710 1894 786 Kali
1909 713 2093 789 uitricum..

280 808 288 829 ὓ
444 820 622 933 *Salia
654 844 852 920 metallina:
890 843 1047 922 stibium
1073 846 1315 942 muriatioum,
1359 843 1565 946 Argentum
1600 848 1764 922 uitricum
1788 848 2084 948 crystallisatum,

562 979 842 1081 Hydrargyrum
869 983 1092 1055 muriaticam
1118 984 1353 1078 corrosivum,
1380 979 1546 1082 Aerugo,
1573 981 1749 1056 'Pantanus
1774 984 1951 1059 stibiatua
1990 1014 1995 1024 ·

252 1124 255 1137 '
362 1115 603 1190 &Minimam
630 1117 706 1190 vim
731 1115 884 1191 habeut}
1729 1090 1733 1095 ¹
1845 1090 1849 1099 ’

463 1276 494 1327 a.
520 1247 623 1326 Salia
647 1250 841 1326 metallica:
868 1250 1059 1325 Plumbum
1085 1253 1269 1328 aneticum.
1410 1275 1413 1281 ·

463 1386 496 1458 b.
524 1382 627 1461 Salia
654 1385 826 1460 alkalina:
868 1383 1030 1461 Alumoe
1057 1386 1223 1482 kalioum,
1258 1383 1489 1460 Ammonium
1521 1387 1761 1483 muriaticam,
1787 1386 1924 1486 Baryta
1949 1389 2086 1460 muria-

564 1523 649 1616 tica,
677 1520 766 1594 Kali
793 1520 1115 1620 hydrocyaoicum,
1142 1521 1231 1596 Kali
1258 1520 1525 1619 suipiruratum,
1552 1519 1708 1595 Natrum
1733 1525 1969 1598 maniaticum.

322 1682 382 1785 ,ς
466 1681 496 1752 a,
524 1652 690 1754 Corpora
716 1659 895 1756 organica,
925 1659 1120 1756 prasertim
1148 1655 1380 1757 vegetabilia:
1407 1653 1597 1732 Ghiuinum
1623 1656 1884 1755 sulphurioum,
1912 1655 2084 1732 Veratri·

565 1815 649 1865 uum
690 1793 933 1888 muriatioum,
977 1791 1100 1867 Radix
1143 1792 1331 1894 Pyr-ethni,
1374 1788 1486 1889 Aqua
1512 1791 1702 1889 Kreosoti,
1755 1792 1928 1889 Aloohol,
1972 1790 2091 1890 Aqua
2211 1814 2217 1824 ·

432 1958 434 1963 ·
564 1926 815 2002 Laurooerasi.
894 1990 902 1999 .

412 2057 503 2151 Quor
528 2084 679 2159 corpora
694 2060 763 2138 Nr.
789 2060 824 2137 3.
851 2062 1118 2159 nominavimus,
1147 2062 1190 2136 ad
1217 2062 1430 2137 solutionem
1456 2059 1525 2137 Nr.
1552 2061 1657 2136 duel
1675 2061 1710 2137 5.
1727 2074 1900 2162 reagunt3
1927 2087 2082 2159 eaveuo,

262 2217 339 2290 quta
365 2193 435 2269 Nr.
460 2195 494 2270 d.
522 2197 753 2296 protulimus,
773 2198 889 2284 ,solut
916 2196 985 2273 Nr.
1010 2199 1046 2272 2.
1074 2199 1132 2273 vei
1159 2198 1194 2273 3.
1220 2222 1330 2298 agere
1350 2199 1424 2295 jam
1451 2195 1627 2272 desinunt.

1098 2471 1131 2554 ς.
1158 2464 1217 2544 91.

411 2597 613 2701 Corporum
640 2604 861 2702 reageutiom
886 2605 922 2679 in
948 2604 1030 2679 eilia
1047 2606 1222 2679 vibrantia
1247 2603 1406 2679 influxus
1431 2590 1599 2676 diversus
1626 2612 1681 2676 est
1714 2626 1757 2677 ao
1785 2601 1986 2701 peculiaris.
2013 2601 2081 2698 lta,

259 2745 305 2809 nt*
324 2737 443 2811 minus
470 2751 568 2813 certa
595 2750 631 2814 et
657 2763 710 2836 ea,
739 2764 817 2839 qum
841 2726 997 2837 variant,
1034 2742 1232 2834 mittamus,
1260 2740 1399 2838 liquore
1424 2736 1605 2812 Ammonii
1633 2739 1792 2813 caustico
1817 2740 2084 2832 incrassantur3

262 2872 379 2971 rigent
403 2870 527 2948 Anido
570 2875 697 2949 nitrieo
741 2887 777 2949 et
803 2874 893 2953 Kali
920 2876 1200 2977 hydrooyanieo;
1235 2872 1415 2950 confluunt
1447 2872 1548 2947 acido
1580 2873 1847 2972 pyro-lignoso
1873 2872 2084 2974 hirsutaque
2105 2973 2110 2982 Ι

262 3005 457 3082 redduntur
482 3005 604 3082 Anido
631 2978 772 3084 ucetico⁸
792 3011 861 3088 Nr.
886 3010 922 3088 3.
949 3024 984 3086 et
1011 3011 1098 3085 Kali
1124 3013 1301 3085 tartarioo.
1346 3007 1552 3106 Crepidinis
1575 3008 1749 3082 vibrantis
1774 3001 1924 3083 latitudo
1958 3007 2083 3085 Anido

259 3144 394 3216 noetioo
419 3141 490 3218 Nr.
513 3143 559 3240 2.,
587 3145 703 3220 Ziuoo
728 3146 946 3245 sulphurioo,
974 3146 1166 3247 Aerugirro
1191 3147 1236 3221 al.
1261 3145 1408 3220 multum
1427 3144 1605 3220 minuitur.
1647 3141 1810 3243 Elegans
1828 3159 2083 3244 verospeeta·

260 3276 379 3350 ouium
405 3281 584 3380 mucilago
611 3279 754 3356 Gummi
782 3286 935 3359 mimosae
963 3283 1105 3382 praebet,
1131 3282 1167 3356 iu
1195 3306 1274 3380 qua,
1303 3283 1466 3378 quamvis
1492 3279 1574 3354 cilia
1591 3303 1660 3355 uon
1678 3282 1816 3375 sistant,
1834 3290 1950 3354 tamen
1970 3305 2083 3380 prop·

260 3424 315 3488 tar
339 3416 504 3510 majorem
533 3415 742 3490 densitatem
770 3432 805 3491 et
833 3418 1063 3494 oohaesionem
1090 3430 1161 3490 tam
1196 3440 1347 3514 operose
1374 3416 1549 3511 laborant,
1595 3427 1635 3489 ut
1661 3416 1885 3515 singulorum
1917 3415 2080 3490 ciliorum

233 3552 235 3562 '
258 3561 388 3621 motum
417 3549 757 3627 insuadibiliiormem
787 3555 845 3653 (v.
871 3558 903 3639 ἕ.
930 3553 1013 3648 dd.)
1041 3535 1171 3652 optime
1198 3551 1392 3626 discernas
1445 3547 1552 3642 Quod
1578 3550 1652 3623 iere
1679 3549 1774 3625 idem
1799 3551 1878 3624 oleo
1905 3552 2081 3625 olivarum

259 3708 349 3781 puro
375 3685 465 3760 edici
492 3687 596 3763 solet.
649 3684 749 3783 Qum,
779 3714 848 3789 quo
874 3692 1003 3767 melius
1030 3702 1148 3763 motus
1173 3690 1288 3786 ipsius
1315 3685 1454 3761 indoles
1480 3697 1734 3788 cognoscatur,
1781 3709 1823 3760 eo
1857 3657 1978 3787 magis
2009 3710 2082 3760 su·

264 3822 413 3919 ,iusque
441 3840 477 3898 et
502 3838 587 3898 sunt
614 3815 809 3899 adhibenda
837 3839 872 3900 et
900 3853 918 3900 a
946 3827 1047 3901 nobis
1075 3826 1165 3923 ipsis
1192 3823 1345 3898 adhibita
1371 3835 1479 3922 atqua
1501 3799 1644 3896 usitato.

1117 4098 1149 4177 S.
1177 4095 1236 4169 92.

282 4264 287 4276 ¹
410 4226 575 4332 Denique
602 4257 699 4306 mera
726 4259 817 4330 aqna
843 4234 923 4308 sive
950 4231 1091 4306 fontana
1118 4236 1196 4306 sire
1223 4229 1406 4304 fluviatilis
1433 4229 1513 4303 sive
1540 4227 1727 4322 destillata,
1747 4225 2083 4327 quamvisinhibem

257 4361 351 4437 iiiioo
378 4374 507 4438 motum
536 4391 603 4442 non
632 4372 755 4466 possit,
784 4385 900 4444 tamen
929 4368 1181 4467 particularum
1207 4368 1341 4440 diutius
1368 4367 1562 4439 tenentium
1589 4363 1821 4438 vibrationem
1850 4386 1922 4436 non
1939 4363 2080 4452 retinet,

255 4498 322 4574 sed
354 4499 501 4597 inrpedit
527 4517 563 4574 et
596 4517 714 4595 rreoat3
759 4504 853 4601 quod
886 4504 1094 4602 plerumque
1129 4506 1163 4575 in
1192 4527 1282 4599 artua
1310 4500 1469 4575 calidiori
1512 4501 1612 4598 prius
1639 4499 1715 4574 deri
1742 4496 1843 4573 nobis
1870 4509 1926 4570 est
1952 4499 2082 4592 visum,

255 4657 361 4733 quamn
385 4639 421 4710 in
448 4635 631 4735 frigidiori.
680 4639 816 4713 'Parrren
843 4652 883 4714 ut
910 4652 1027 4714 motus
1054 4642 1193 4712 omuino
1221 4639 1399 4734 adpareat,
1429 4637 1633 4710 necessaria
1650 4633 1744 4710 haud
1763 4634 1868 4709 dubie
1887 4644 1953 4708 est.
1987 4632 2082 4707 Par·-

255 4770 371 4844 tieulre
397 4773 488 4846 euim
517 4771 621 4868 plane
648 4777 835 4849 exsiccatae
863 4801 928 4849 noo
955 4789 1082 4874 sponte
1111 4798 1176 4848 ooo
1203 4776 1307 4847 etiam
1334 4771 1449 4845 denuo
1476 4772 1634 4871 irrigatur
1678 4786 1714 4846 et
1748 4768 1902 4870 turgidae
1927 4768 2080 4864 vibrant,

256 4904 350 5000 quod
377 4907 421 4980 de
448 4907 615 5007 Myaoeis
642 4922 722 4983 ante
751 4937 816 4985 nos
837 4913 909 5008 jam
937 4911 1229 4984 'Pr-eviranus
1249 4911 1332 5006 jure
1360 4921 1482 4981 eontra
1518 4929 1576 5002 aa,
1605 4931 1683 5007 qum
1708 4906 1867 4983 Idumam
1911 4902 2081 5001 ediderat,

255 5038 420 5116 defendit.
472 5043 556 5118 Neo
583 5068 671 5119 vero
697 5045 732 5118 in
760 5044 815 5120 iuis
842 5047 977 5144 solum,
1010 5046 1075 5121 sed
1111 5049 1145 5147 in
1179 5045 1394 5119 vertebratis
1430 5043 1529 5119 idem¹
1551 5046 1632 5142 est,'
1658 5055 1698 5119 ut
1723 5042 1806 5119 inde
1834 5040 1979 5142 partes,'
2006 5065 2083 5138 qum
2189 5057 2192 5064 ’

255 5174 581 5258 iuoilesiooesoaut.
601 5182 708 5255 sicuti
734 5206 881 5254 mucosa
908 5153 1031 5266 nasius,
1051 5206 1179 5257 savum
1212 5183 1286 5256 oris
1315 5204 1477 5254 ranorum
1506 5180 1550 5255 ol.
1578 5199 1695 5254 motus
1723 5180 1858 5264 madium
1887 5179 2081 5271 uestigium
