4688 6038
1089 562 1140 579 ..
1166 521 1218 596 ος
1242 565 1294 578 .-

466 664 519 779 ⁴
695 718 700 731 ·
1046 644 1258 807 capus
1283 707 1337 790 9.

490 870 714 973 Quamdiu
742 890 843 972 post
871 885 1055 949 mortem
1080 891 1231 952 motus
1256 877 1539 953 vibratorins
1569 878 1891 1055 continete}

1144 1098 1260 1192 §ro
1782 1098 1854 1227 0
1990 1117 2039 1211 Q.

419 1262 495 1338 Per
520 1263 663 1338 varium
689 1273 832 1363 tempus
858 1289 925 1364 pro
950 1276 1094 1339 etatum
1121 1265 1331 1341 dine'u‘tate
1357 1286 1392 1342 et
1419 1266 1955 1369 vicimimdinninaiiumquc
1972 1285 2100 1349 natura

265 1409 523 1501 postmortem
552 1400 772 1500 aliquamdiu
800 1416 1014 1499 perseverat
1045 1416 1166 1476 motus
1199 1403 1428 1479 vibratorius
1478 1401 1568 1497 (lue
1610 1419 1652 1479 st
1693 1405 1823 1481 melius
1863 1390 2098 1509 explicentur,

229 1590 234 1601 1
263 1539 385 1612 tracias
413 1563 434 1610 a
461 1536 566 1613 nobis
592 1536 808 1611 observatas
834 1537 977 1610 classes
1003 1550 1276 1635 pertractemus.

400 966 453 1049 θ

416 1685 452 1765 1.
480 1687 729 1765 inlusoria
780 1688 844 1764 Ex
869 1688 926 1763 bis
952 1687 1144 1763 Rotamria
1170 1690 1429 1790 ingrediamur,
1473 1715 1624 1792 qnorum
1664 1715 1837 1794 organum
1867 1695 2100 1771 vibratorium

259 1825 386 1900 mortis
412 1837 573 1924 tempore
599 1827 681 1925 ipso
708 1825 902 1899 retrahitur
927 1840 963 1898 et
990 1826 1122 1898 sistere
1154 1825 1308 1901 ridetur.
1359 1824 1468 1918 Quod
1509 1828 1546 1900 in
1580 1830 1846 1906 exsiccantibus
1878 1832 2100 1907 animalculis

259 1961 355 2038 idem
382 1963 552 2058 occurrit,
581 1962 746 2062 quamvis
773 1962 868 2035 omni
895 1984 942 2034 ex
970 1977 1071 2058 parte
1098 1956 1362 2037 exsiccatorilm
1387 1962 1588 2039 animalium
1605 1966 1678 2037 vim
1700 1967 1829 2040 iterum
1846 1967 2097 2069 revitiscendi,

259 2100 459 2175 novissima
486 2096 721 2199 preterlapsa
748 2110 873 2171 astate
901 2097 1040 2196 pluries
1065 2100 1211 2196 experti
1237 2100 1341 2172 nobis
1367 2101 1439 2172 risi
1460 2100 1585 2185 mnus
1636 2095 1732 2176 cum
1775 2103 1851 2179 rita
1873 2103 1954 2202 ipsa
1979 2118 2099 2180 motus

260 2233 354 2311 redit
380 2237 587 2313 rotatorius

410 2372 447 2449 2.
475 2370 687 2446 Entozoa
714 2380 750 2443 et
777 2366 1003 2442 Parasito.
1031 2364 1195 2466 Opalinae
1221 2382 1339 2440 motus
1357 2369 1454 2444 illico
1477 2386 1559 2468 post
1575 2381 1723 2444 mortem
1740 2371 1905 2448 desinere
1921 2370 2100 2452 videntur.

411 2504 446 2584 3.
474 2504 625 2600 Eadem,
654 2505 820 2603 quamvis
846 2527 917 2578 iton
944 2505 1085 2579 omnino
1112 2527 1272 2603 congrua
1298 2526 1345 2576 ex
1371 2504 1630 2580 Annulatis
1655 2504 1702 2580 de
1727 2505 1896 2583 Plansria
1925 2519 2009 2584 sunt
2035 2535 2099 2584 re·

258 2641 460 2740 referenda,
488 2643 595 2744 cujus
622 2664 711 2715 vcro
738 2638 924 2738 particula
949 2664 970 2712 a
997 2660 1148 2737 corpore
1174 2637 1345 2712 abscissae
1373 2641 1545 2716 vibrando
1571 2642 1779 2742 plerumque
1792 2668 1860 2743 per
1877 2644 2031 2744 quinque
2048 2658 2098 2743 et,

259 2778 358 2879 quiid
385 2777 550 2876 excedit,
578 2775 687 2853 boras
714 2777 932 2850 continuant.

412 2913 447 2991 l.
474 2912 819 2988 Molluscorum
846 2923 967 2985 motus
992 2908 1211 2983 vibratorius
1237 2911 1547 3008 pertinacissimus
1572 2936 1656 2988 esse
1671 2911 1812 2990 dicitur.
1854 2913 1972 3017 quue
1988 2927 2101 2994 recte.

257 3046 434 3126 Vidimus
461 3073 541 3123 eum
570 3050 664 3124 enim
691 3070 760 3122 non
787 3047 907 3122 solum
934 3048 968 3119 in
995 3043 1188 3118 unionibus
1214 3044 1336 3140 paullo
1363 3061 1444 3120 ante
1471 3049 1621 3122 mortuis
1638 3050 1851 3144 sexcenties,
1869 3051 1936 3125 sed
1958 3052 1995 3126 in
2014 3076 2099 3128 cor·

258 3185 408 3285 pinibus
437 3183 602 3286 putridis,
630 3185 913 3259 semimaceratis
940 3192 977 3255 et
1004 3178 1167 3255 dillluxui
1193 3181 1367 3279 proximis
1392 3182 1589 3279 sepissime
1607 3183 1889 3262 observavimus.
1940 3181 2039 3278 Quin
2062 3189 2099 3263 in

257 3320 448 3425 particulis
475 3319 724 3396 bronchiarum
750 3318 946 3416 majoribus
973 3328 1008 3391 et
1034 3315 1232 3390 minoribus
1259 3317 1462 3413 amputatis,
1492 3319 1525 3390 in
1545 3318 1669 3393 eadem
1687 3344 1778 3417 aqua
1794 3296 2008 3429 adse*
2027 3346 2100 3422 pu-

257 3455 362 3535 tridis
393 3480 436 3533 aa
462 3456 653 3533 nosceretis
680 3454 722 3553 *J
748 3467 883 3529 motum
909 3464 981 3527 tam
1007 3454 1170 3526 tiraccm
1198 3461 1281 3548 post
1307 3450 1493 3526 duodecim
1518 3452 1596 3528 dies
1614 3455 1823 3554 reperimus,
1843 3478 1948 3554 quam
1964 3457 2000 3532 in
2018 3458 2100 3533 uni-

255 3591 340 3672 mcii
368 3592 506 3669 viventi
534 3594 657 3668 inesse
684 3590 878 3688 cernimus,
907 3589 1017 3683 nullo,
1038 3602 1079 3662 ut
1096 3585 1296 3680 ridebatur,
1325 3585 1507 3683 particulae
1526 3590 1641 3689 ipsius
1666 3590 1921 3690 magnitudinis
1945 3591 2099 3687 induxu3

256 3822 336 3840 ..xm
359 3823 471 3838 *a
507 3826 525 3836 ι·
564 3825 587 3833 ··
629 3822 670 3834 ’-

412 3967 445 4044 ')
469 3966 594 4029 ttitcmto
618 3981 676 4024 narn
700 3981 859 4039 possumus
882 3961 1034 4038 preterire
1057 3977 1196 4034 magnam
1219 3960 1299 4016 iliam
1337 3959 1414 4031 vim,
1451 3977 1514 4032 que
1551 3963 1731 4025 animalcula
1760 3964 1878 4022 minima
1904 3967 1969 4039 ipss
1989 3968 2020 4026 in
2040 3969 2098 4026 dc-

256 4071 451 4132 amiticiam
473 4070 568 4147 portis
592 4070 777 4127 rrtuccrundn·
801 4067 939 4124 bnbcant.
984 4064 1159 4123 Cornrnunis
1183 4063 1260 4119 enim
1283 4069 1331 4115 cst
1353 4064 1441 4132 alque
1464 4063 1501 4117 ab
1523 4065 1658 4122 omnibus
1681 4071 1801 4140 recepta
1823 4068 1934 4142 opinio,
1963 4071 2099 4144 putridas

256 4173 428 4235 sttltnttlittm
459 4182 560 4250 potitos
585 4170 793 4230 rtnrccrntlonis
818 4168 882 4240 ipsa
904 4168 933 4222 vi
949 4158 1070 4224 'destrui
1093 4183 1129 4223 ac
1152 4164 1284 4221 dissolvi.
1331 4163 1416 4230 Quod
1438 4164 1553 4236 quidem
1576 4181 1688 4238 negare
1711 4183 1797 4224 uerno
1820 4184 1950 4244 uuquam
1976 4171 2098 4231 audeat.

255 4275 369 4336 ramas
394 4275 535 4334 mistrinam
560 4273 668 4349 alipius
692 4272 771 4332 barm
793 4288 855 4328 rcm
880 4269 1063 4326 solttrmno'tlo
1087 4283 1181 4340 agere
1203 4280 1360 4338 personam
1384 4282 1421 4320 cx
1443 4266 1553 4321 nostris
1576 4268 1784 4340 experimentis
1807 4271 1922 4330 referre
1950 4273 2097 4333 valemus.

258 4382 366 4456 napus
389 4377 466 4436 cuim
489 4377 675 4448 negligencia
697 4383 744 4434 cst
767 4373 929 4433 (instructio
953 4373 1005 4429 iila
1027 4370 1165 4443 partium,
1188 4367 1375 4426 animalculis
1397 4365 1566 4436 inlusoris,
1594 4387 1660 4443 quaa
1681 4370 1712 4428 in
1734 4388 1813 4445 aqua
1831 4373 1956 4446 degunt,
1977 4373 2097 4448 effecta,

255 4482 364 4561 tpulppc
387 4496 451 4556 pits
475 4488 576 4554 punctos
600 4480 754 4539 corrodant
781 4479 880 4550 ltaque
903 4476 1070 4530 devastent.
1115 4470 1200 4539 Quod
1224 4481 1255 4526 ut
1277 4487 1336 4526 nno
1360 4486 1453 4541 eoque
1476 4479 1638 4528 memoratu
1668 4475 1758 4548 lange
1773 4475 1947 4548 dignissimo
1964 4478 2097 4551 exemplo

255 4582 452 4658 crpllccmtts,
477 4579 505 4638 itt
531 4580 654 4639 libitinis
678 4579 822 4655 pictorum
847 4563 995 4634 branchis
1019 4579 1103 4647 piaris
1127 4573 1163 4628 nb
1186 4574 1264 4628 orricii
1287 4573 1344 4628 alio
1368 4587 1492 4641 corpore
1513 4571 1661 4648 dissecta,
1685 4592 1774 4648 qnam
1796 4576 1824 4632 in
1848 4578 1923 4652 aquo
1946 4593 2023 4650 pura
2044 4594 2097 4651 po-

255 4685 382 4758 reticita,
406 4681 633 4741 titttcrvcvimua
657 4682 744 4740 unius
767 4681 824 4739 locl
849 4680 1015 4752 marginem
1039 4679 1152 4748 lesum,
1175 4683 1209 4731 ut
1232 4673 1399 4730 substantia
1420 4673 1488 4731 inde
1514 4690 1602 4731 erosa
1622 4682 1705 4734 esset
1724 4669 1940 4738 etobiccrsta
1984 4680 2099 4737 Eadem

256 4786 376 4850 mansit.
402 4786 573 4862 priusquam
597 4783 808 4842 itriosorlnrnm
833 4783 926 4856 trrajor
949 4780 1044 4852 copia,
1069 4776 1269 4837 maceratione
1291 4790 1464 4848 progressa,
1488 4775 1631 4846 adparuit.
1673 4779 1932 4839 Animalcnlorum
1951 4798 2025 4840 vero
2040 4797 2097 4841 nu-

255 4905 339 4949 mo
361 4895 460 4954 curto.
485 4903 591 4954 trttrriro
615 4886 715 4958 lasus,
740 4886 808 4942 tium
831 4885 951 4958 integer
974 4897 1079 4953 margo
1104 4886 1201 4935 motus
1224 4877 1383 4933 velocitate
1412 4879 1562 4951 tueretur,
1592 4879 1630 4935 de
1659 4879 1705 4936 die
1734 4881 1802 4952 plus
1832 4882 2037 4958 crodiebniur‚
2066 4886 2099 4942 ut

255 4990 324 5053 istic
349 5003 515 5065 pertransit
539 5003 608 5062 prora
633 4985 782 5044 luuncblra
805 4983 842 5041 ab
866 4984 1022 5043 infusoriis
1047 4980 1293 5047 commodaretur,
1317 4979 1386 5036 dnm
1407 4978 1438 5037 ln
1461 4979 1596 5051 margine
1618 4979 1735 5053 integro
1758 4982 1861 5040 relicto
1884 4989 1982 5042 motus
1997 4984 2097 5042 vibra·

255 5092 352 5153 mous
377 5090 598 5149 calamantum
627 5095 731 5156 anerei
757 5102 793 5144 nc
817 5093 1037 5159 perseveraret.
1083 5084 1167 5153 Quod
1190 5082 1384 5154 experimenti
1404 5097 1502 5153 gcnns
1525 5079 1613 5138 facile
1634 5081 1664 5136 lu
1700 5085 1780 5140 omni
1808 5084 1977 5145 animalium
2014 5096 2098 5160 parts

253 5194 366 5255 urbs
389 5193 502 5253 ittstllttl
527 5197 633 5268 pertesi.
