4688 6038
406 733 590 815 Nomina
615 756 857 831 cor-porum.

457 818 503 935 a.

259 1139 319 1213 49.
347 1135 579 1211 Veratrinum
598 1135 837 1257 muriaticum.

115 1370 120 1385 Ι
259 1273 319 1350 50.
354 1273 504 1351 Zincum
529 1269 787 1369 sulphuricum.

317 1668 361 1751 Ι
403 1655 604 1735 'Variorum
624 1654 665 1729 in
691 1652 810 1729 tabula
837 1679 1037 1756 praegressa
1058 1659 1312 1757 inscriptorum
1338 1680 1525 1755 corporum
1550 1657 1587 1732 in
1608 1666 1742 1732 motum
1755 1656 1985 1735 vibratorium
2009 1682 2077 1734 ro·

256 1797 330 1870 rios
357 1793 514 1888 effectus,
543 1814 633 1890 quos
659 1791 754 1863 aeris
779 1793 950 1890 temperie
976 1787 1163 1866 10⁰-150
1190 1791 1239 1866 R.
1266 1793 1549 1890 observavimus,
1576 1795 1812 1892 respicientes
1825 1816 1892 1869 nos
1905 1792 1978 1870 hec
1995 1792 2077 1869 inde

182 1920 185 1926 λ
255 1930 480 2007 deducimus:

407 2061 442 2139 1.
466 2059 618 2137 Nullum
647 2063 785 2134 omnino
811 2058 983 2156 effectum,
1011 2084 1056 2134 ne
1082 2060 1409 2136 concentratissime
1433 2061 1720 2159 quidemsoluta,
1743 2061 1889 2138 habent:
1915 2061 2078 2138 Acidum

132 2194 134 2197 ’
255 2197 556 2300 hydrocyanicum
581 2219 719 2305 purum,
746 2193 867 2268 Aloes
893 2209 928 2270 et
949 2194 1178 2271 Bellodonnae
1197 2207 1411 2293 extructum,
1440 2193 1612 2292 Catechu,
1627 2197 1769 2273 Moschi
1795 2200 1831 2275 iu
1857 2223 1950 2297 aqua
1967 2197 2079 2274 ..colu-

255 2337 317 2431 tio,
346 2332 533 2431 Mocilago
560 2328 703 2406 Gummi
729 2331 902 2426 animosae,
935 2329 1140 2431 Morphium
1166 2327 1358 2430 nomicum,
1387 2329 1537 2431 opium,
1571 2328 1790 2430 Salicinium‚
1819 2329 2079 2433 Strychninum

262 2484 298 2545 et
324 2468 473 2544 Decoot
498 2462 645 2571 Capsici
673 2465 790 2543 annui.
1516 2465 1518 2469 ’

403 2603 440 2679 2.
466 2599 594 2679 Omnia
621 2625 641 2673 a
666 2600 769 2674 nobis
792 2600 962 2698 inquisita
989 2623 1140 2698 corpora
1166 2597 1537 2680 insolationem&
1561 2601 1953 2679 nordumbrensem
1978 2603 2078 2680 nullo

255 2737 406 2835 amplios
431 2735 535 2841 modo
560 2736 712 2831 turbant,
742 2736 903 2832 quamvis
930 2735 1074 2835 singulo
1099 2760 1194 2811 nunc
1221 2760 1262 2809 ea
1285 2747 1424 2810 tantum
1450 2759 1550 2832 aquae
1577 2737 1687 2834 copia,
1711 2761 1810 2812 nunc
1826 2739 1953 2813 minori
1963 2740 2081 2815 etiam

255 2872 428 2948 rarefacta
452 2870 553 2946 nullo
577 2879 724 2944 utantur
750 2869 895 2946 influxu
946 2865 1037 2961 011ae
1062 2892 1122 2944 res
1148 2871 1277 2947 insol.
1301 2868 1371 2951 Nr.
1395 2872 1431 2946 2.
1451 2872 1525 2968 jam
1551 2873 1728 2971 reperitur
1753 2870 1971 2951 iu10hinino
1997 2874 2080 2951 sul·

254 3007 402 3107 phur-ico
428 3029 530 3104 puro,
575 3002 771 3078 Veratrino
793 3003 1141 3101 ,mur·iatico,radice
1168 3004 1347 3106 Pyrethri,
1374 3003 1488 3103 Aqua
1513 3005 1705 3098 Kreosotir
1730 3006 1766 3081 in
1793 3008 1857 3082 sol.
1885 3006 1956 3086 Nr.
1973 3009 2016 3085 ,3.
2042 3011 2079 3085 iu

253 3141 444 3237 Alcohole,
472 3138 646 3215 Aiumine
672 3141 806 3238 kalico,
839 3137 1032 3214 Ammonio
1065 3141 1262 3236 muriatico,
1289 3139 1402 3239 Aqua
1425 3139 1689 3240 Laurocerasi,
1715 3141 1855 3243 Baryta
1879 3145 2078 3244 muriatica,

254 3276 407 3356 Chinino
424 3274 629 3375 sulphurico
644 3274 762 3349 addita
787 3275 931 3375 guttula
957 3273 1069 3348 Aeidi
1093 3274 1301 3375 sulphurici,
1329 3273 1417 3350 Koli
1445 3273 1722 3378 hydrooyanieo,
1748 3276 1837 3352 Kali
1857 3276 2079 3379 sulphurato,

253 3412 417 3488 Mixturo
443 3409 675 3507 camphorata,
704 3409 822 3484 Narro
848 3413 1044 3509 muriatico,
1073 3407 1165 3487 Oleo
1188 3409 1493 3511 empyreumatico
1520 3422 1555 3484 et
1581 3410 1733 3488 Plurubo
1760 3415 1919 3507 aretiam
1952 3415 1994 3491 in
2016 3440 2081 3492 so·

254 3549 318 3624 lut.
342 3546 413 3620 Nr.
431 3524 474 3621 d.
499 3548 536 3618 in
562 3545 681 3620 Aoido
708 3546 893 3642 benzoico,
920 3544 1042 3620 Acido
1069 3546 1226 3645 crelion,
1262 3543 1384 3623 Acido
1410 3546 1696 3645 pyro-lignem,
1723 3545 1846 3622 Aeido
1871 3549 2082 3648 sulphurico

255 3684 377 3779 diluto,
405 3679 567 3757 Aethere
594 3668 811 3781 sulphurico‚
839 3680 952 3755 Ferro
979 3679 1197 3778 sulphurico,
1223 3680 1314 3754 Kali
1340 3681 1541 3780 harbonico,
1568 3681 1659 3756 Kali
1685 3685 1869 3779 tartarico,
1897 3681 2083 3763 Sacoharo

256 3817 336 3893 albo
362 3829 398 3891 et
423 3817 538 3893 Zinco
570 3816 797 3915 sulphor-iem
831 3816 866 3890 in
893 3817 999 3893 solut
1025 3816 1093 3891 Nr.
1125 3817 1159 3894 5.
1193 3818 1229 3892 in
1254 3815 1377 3893 Acido
1409 3818 1611 3915 muriatico,
1646 3817 1790 3915 nimico,
1826 3816 2018 3920 Aerugine
2045 3832 2083 3898 et

256 3952 408 4028 Tartaro
434 3953 591 4046 stihiat03
612 3950 769 4049 denique
792 3949 936 4025 tandem
960 3953 996 4026 in
1022 3952 1200 4029 solutione
1224 3951 1295 4031 Nr.
1321 3950 1355 4028 6.
1380 3952 1417 4026 in
1435 3950 1565 4033 *Acido
1586 3954 1737 4053 roetico,
1760 3952 1903 4053 liquore
1920 3952 2084 4033 Ammo·

257 4088 305 4163 nii
332 4089 490 4163 caustico
516 4100 551 4162 et
577 4086 716 4194 liquore
743 4083 849 4168 Stibii
875 4088 1061 4169 muriatiei.

1090 4361 1124 4444 9.
1150 4357 1210 4437 89.

408 4489 540 4590 Neque
567 4492 716 4570 eundem
742 4515 884 4591 semper
910 4490 1067 4568 ordinem
1093 4519 1261 4593 corpora,
1296 4519 1379 4593 quae
1420 4503 1553 4568 motum
1586 4491 1819 4569 vibratorium
1844 4495 2019 4595 inhibent,
2046 4500 2082 4574 in

259 4630 351 4704 omni
378 4626 567 4703 solutionis
597 4652 732 4727 genere
768 4626 906 4724 tenent,
942 4631 1077 4726 quaesi
1104 4629 1302 4704 secundum
1327 4629 1461 4715 scalam
1487 4627 1636 4710 effectus
1660 4624 1942 4706 adscendentem
1967 4635 2084 4709 nomi·
2123 4672 2125 4677 ·

258 4788 395 4860 nemus,
423 4762 496 4837 heo
523 4773 618 4860 sont,
646 4787 724 4864 quae
750 4786 900 4862 corpora
925 4762 961 4836 in
987 4764 1016 4857 ᾗ.
1041 4761 1101 4842 88.
1133 4763 1354 4841 antecedenti
1382 4765 1565 4839 nominata
1596 4787 1668 4840 non
1705 4763 1860 4863 amplius
1898 4768 2084 4869 reogentia
2119 4793 2123 4802 ·

72 4896 75 4903 ’
140 4878 142 4882 ’
177 4895 180 4899 ’
258 4896 434 5000 progredi
460 4898 588 4974 elucet.

361 5029 545 5111 Salutio
570 5031 645 5110 Nr.
669 5032 706 5109 2.
756 5031 846 5111 Kali
870 5031 1184 5134 hydrocyanicum,
1212 4982 1404 5114 plumbum
1429 4972 1602 5109 aceticum
1630 5030 1753 5134 (1003
1783 5004 1954 5135 Alechol,
1980 5035 2084 5116 Alu-

260 5193 341 5244 men
364 5167 522 5249 kahoum
547 5166 644 5268 (8¹),
671 5165 905 5246 Ammonium
920 5169 1156 5265 muriaticam,
1173 5164 1366 5247 Chininum
1391 5166 1637 5267 sulphuricunr
1663 5163 1768 5268 (θ’),
1799 5165 1912 5271 Aqua
1936 5170 2084 5251 Lauro·
