4688 6038
1075 560 1206 638 ¹-59
1234 588 1285 619 -2

267 769 308 820 se
334 756 527 822 transeant.
580 745 648 844 lta,
675 746 712 821 id
738 747 834 848 quod
860 747 1131 850 Ehrenberg
1156 752 1192 826 in
1218 750 1423 826 Rotatoriis
1439 753 1514 850 jam
1539 750 1798 827 observaverat
1830 740 1939 853 (vide
1965 755 2095 854 669.)

266 881 453 956 bulbillum
480 881 549 956 alio
577 883 658 958 cilio
683 884 795 958 multo
820 885 981 959 latiorem
1007 885 1289 961 luculentissime
1315 889 1350 960 in
1378 886 1554 961 l'lanariae
1577 911 1631 985 sp.
1658 886 1876 982 deteximus3
1905 894 1963 987 qni
1990 892 2093 986 idem3

266 1017 350 1096 licet
375 1017 469 1091 mole
495 1019 619 1115 minor,
647 1021 682 1094 in
709 1020 885 1094 unionum
903 1018 1081 1096 branchiis
1106 1021 1209 1097 nobis
1228 1034 1444 1098 occurrerat.
1497 1019 1539 1095 ln
1566 1046 1731 1096 mnarum
1750 1046 1812 1097 ore
1830 1023 2017 1100 bulbillum
2036 1041 2094 1103 te·

267 1154 428 1227 nuiorem
454 1178 521 1227 nec
548 1156 745 1253 interrupte
770 1157 806 1230 in
833 1156 903 1230 cilii
930 1157 1066 1253 apicem
1082 1158 1506 1234 transeuntemvidimus.
1533 1135 1763 1253 Ouaeomnio,
1780 1183 1990 1259 quamquam
2005 1179 2093 1236 sex·

266 1291 403 1363 centies
429 1300 514 1363 sunt
540 1290 748 1390 observata,
775 1302 891 1367 tamen
918 1293 961 1366 ab
988 1295 1081 1367 omni
1107 1304 1210 1392 parte
1236 1316 1319 1369 esse
1345 1306 1443 1368 certa
1469 1303 1643 1392 extraque
1670 1292 1815 1368 dubium
1843 1311 1945 1370 omne
1978 1290 2100 1396 posita

260 1426 343 1521 jure
370 1447 555 1524 negamus,
583 1425 678 1523 quod
705 1425 829 1524 plures
855 1427 1016 1502 ciliorum
1042 1431 1169 1526 series,
1214 1427 1682 1531 contrariisdirectionibus
1712 1440 1887 1504 motorum
1914 1433 1974 1505 vel
2001 1435 2093 1506 sito-

267 1585 361 1655 rum,
407 1562 442 1633 in
486 1561 615 1634 baseos
659 1562 866 1661 regionibus
892 1586 976 1638 sese
1008 1564 1230 1663 obtegentes²
1258 1567 1528 1639 incrassationis
1555 1563 1660 1660 hujus
1687 1566 1842 1663 speciem
1870 1565 2011 1640 efficere
2038 1569 2092 1641 sa-

266 1696 334 1770 cile
365 1697 514 1795 possint.

416 1831 452 1906 d.
479 1828 669 1907 Crassitiei
687 1817 882 1906 differentia
900 1857 942 1906 ea
968 1845 1104 1909 tantum
1130 1832 1318 1934 reperitur,
1348 1859 1425 1933 quae
1452 1802 1636 1908 latitudine
1655 1835 1816 1908 ciliorum
1834 1837 1916 1933 ipsa
1932 1836 2091 1912 efficitur.

415 1966 450 2042 5.
476 1965 560 2041 Nec
587 1970 723 2042 cavitas
751 1968 834 2065 nlla,
863 1992 929 2043 nec
955 1968 1026 2066 fila,
1053 1993 1120 2044 nec
1151 1968 1303 2069 granula
1336 1970 1590 2045 constituentia
1624 1990 1777 2066 unquam
1812 1972 2089 2069 conspiciuntur,

264 2100 329 2174 sed
356 2126 476 2176 massa
503 2104 660 2201 aqualis,
690 2104 917 2204 homogenea.
959 2143 961 2146 ·

419 2236 452 2313 6.
480 2234 575 2314 Gilia
601 2265 685 2312 num
711 2241 782 2313 sint
808 2240 943 2335 stricta,
972 2264 1016 2313 an
1043 2240 1200 2338 clastica,
1229 2263 1250 2314 e
1275 2249 1433 2314 motuum
1460 2243 1619 2337 ipsorum
1647 2250 1772 2313 natura
1790 2238 1945 2313 derivari
1959 2252 2088 2338 potest,

265 2373 369 2470 cujus
396 2374 448 2448 rei
475 2373 636 2448 dabimus
664 2376 752 2448 infra
779 2377 811 2457 6.
839 2373 899 2451 66.
925 2377 1183 2474 expositionem
1209 2377 1390 2450 bosionem.

416 2511 450 2586 7.
477 2510 685 2585 ’66661τί666
711 2521 805 2606 sunt,
832 2457 883 2607 ul,
909 2512 1032 2609 majori
1058 2512 1233 2586 minorive
1258 2521 1340 2609 post
1366 2521 1515 2583 mortem
1534 2509 1704 2608 temporis
1721 2511 1838 2606 spatio
1857 2519 1995 2605 exacto,
2012 2510 2090 2588 dis·
2200 2618 2204 2624 ἡ

264 2654 410 2739 pareant
437 2658 472 2719 et
500 2647 667 2722 chemicis
693 2645 880 2745 permultis
906 2644 1117 2744 corporibus
1144 2647 1377 2747 rcagentibus
1401 2659 1627 2720 evanescant.
1679 2641 1736 2720 Cl.
1763 2641 1853 2742 Cap.
1878 2641 1939 2721 11.

1118 2919 1159 3004 6.
1186 2915 1245 2995 63.

415 3047 522 3145 Gilia,
552 3051 715 3149 quamvis
742 3051 900 3126 conserta
928 3052 1017 3128 adeo
1044 3054 1136 3153 sintp
1155 3065 1193 3128 ut
1219 3054 1294 3127 lore
1320 3051 1514 3126 trecenties
1540 3049 1779 3124 tantummodo
1797 3051 2004 3148 augentium
2030 3051 2089 3123 vi·

262 3191 398 3257 trorum
425 3210 532 3283 opera
560 3186 703 3285 singula
730 3211 773 3260 ac
799 3186 955 3262 discreta
981 3192 1264 3289 cognoscantur,
1309 3199 1425 3261 tamen
1469 3186 1627 3285 regulari
1660 3184 1810 3283 quadum
1842 3187 1980 3258 ratione
2006 3208 2089 3259 esse

262 3316 445 3416 disposita,
465 3321 659 3396 observatu
685 3303 754 3396 non
782 3333 838 3396 est
864 3323 1014 3400 difficile.
1066 3323 1120 3400 Ut
1146 3326 1238 3398 eninr
1265 3333 1421 3397 externae
1447 3324 1541 3431 cutis
1568 3331 1629 3395 aut
1655 3322 1809 3419 tegmina
1837 3332 1897 3393 aut
1915 3319 2087 3393 linearum

262 3454 458 3529 eminentiae
483 3457 543 3530 vel
570 3458 664 3532 sulci
691 3457 816 3532 iisdem
841 3458 915 3534 illis
940 3460 1085 3558 spinalis
1112 3459 1357 3558 dispositionis
1384 3457 1537 3556 legibus,
1557 3457 1592 3530 in
1612 3455 1742 3553 plantis
1761 3455 2087 3529 recentissimorum

261 3599 458 3687 temporum
485 3592 617 3667 studiis
643 3618 686 3668 ac
711 3594 849 3693 vigiliis
876 3594 1137 3692 demonstratis,
1165 3606 1325 3691 utuntur,
1354 3595 1403 3668 ita
1429 3605 1632 3667 nostrorum
1655 3591 1817 3664 ciliorum
1844 3576 2088 3688 inplet-isque

262 3747 343 3797 cum
370 3726 589 3823 animalibus,
618 3739 691 3802 turn
719 3747 842 3804 eorum
867 3732 1029 3829 partibus
1057 3729 1180 3804 eadem
1206 3752 1290 3804 esse
1316 3728 1461 3802 videtur
1486 3727 1683 3802 collocatio.
1734 3725 1864 3801 Missis
1881 3727 1984 3822 enim,
2010 3747 2088 3823 qum

260 3871 343 3934 nota
363 3862 436 3958 jam
464 3864 546 3961 sint,
573 3865 664 3960 aliis,
684 3865 937 3965 adgrediamur
955 3865 1143 3964 Opalinam
1160 3877 1329 3962 nostram,
1344 3863 1597 3938 animalculum
1620 3884 1814 3961 permagna
1839 3862 1875 3934 in
1902 3860 2088 3959 exemplu-

261 3997 351 4070 rium
378 3999 480 4104 copia
506 4000 541 4072 in
569 4001 662 4075 omni
688 3999 800 4074 lbance
826 4003 1048 4099 temporariae
1074 4013 1173 4075 recto
1199 4001 1367 4075 intestino
1402 3996 1664 4098 repen-lundam.
1716 3994 1834 4094 Cujus
1860 3995 2091 4094 superficiem

260 4143 442 4207 externam
469 4134 574 4210 lineis
600 4137 787 4234 permultis
804 4137 1009 4235 spiralibus,
1029 4161 1133 4235 quam
1151 4137 1303 4210 maxime
1320 4136 1535 4235 regulariter
1556 4114 1751 4231 dispositis,
1779 4130 1918 4227 obduci,
1946 4132 1983 4205 in
2009 4133 2089 4205 ani-

259 4268 425 4343 malculis
450 4271 601 4344 mortuis
628 4271 793 4346 facillime
820 4272 1044 4349 observatur.
1096 4270 1243 4346 Vivens
1268 4294 1358 4345 vero
1385 4270 1541 4369 eleganti
1567 4267 1774 4366 spectaculo
1784 4268 2088 4366 ¹investigatorem

260 4402 379 4481 allicit.
431 4403 657 4480 Exoriuntor
682 4408 781 4481 enim
801 4409 1044 4507 semispirales
1070 4407 1172 4482 lineae
1198 4408 1273 4481 lere
1299 4406 1462 4505 decuplo,
1490 4428 1595 4503 quam
1614 4405 1718 4479 linea
1735 4403 1804 4477 illae
1831 4414 2089 4501 postmortem
2160 4435 2163 4438 ·

259 4537 432 4638 videnda,
461 4567 481 4616 a
507 4565 550 4615 se
576 4553 729 4636 remotae,
747 4567 835 4642 puae
860 4558 933 4641 aut,
960 4568 1041 4618 curn
1067 4544 1111 4618 ab
1137 4554 1291 4641 utroque
1317 4542 1430 4616 latere
1456 4539 1737 4638 proficiscantur,
1765 4539 1925 4613 sectione
1951 4557 2088 4610 conve·

123 4737 127 4743 .
258 4675 366 4772 olant,
395 4688 456 4751 aut
483 4701 547 4776 per
572 4688 680 4752 totam
707 4679 934 4778 superficiem
960 4689 1161 4772 transeant3
1189 4693 1339 4776 quarum
1365 4676 1557 4752 vehemens
1591 4687 1648 4750 est
1682 4674 1845 4750 ciliorum
1871 4671 2086 4748 vibrantium

257 4825 377 4886 motus
403 4815 604 4891 continuus.
654 4813 738 4888 Nec
765 4825 870 4889 certae
896 4827 1067 4912 essunt,
1094 4837 1160 4888 neo
1186 4814 1288 4910 fixa3
1313 4813 1390 4908 sed,
1419 4836 1496 4911 quae
1521 4812 1619 4887 illico
1645 4821 1876 4904 evanescunt,
1904 4831 1978 4904 eas,
2005 4829 2087 4904 quae
2136 4889 2139 4902 p

258 4971 359 5022 nuvae
386 4948 606 5045 exoriuntur,
634 4950 732 5026 illico
758 4952 950 5050 excipiunt,
978 4963 1019 5026 ut
1044 4964 1210 5052 segetum
1235 4961 1452 5025 maturarum
1479 4948 1599 5022 ventis
1618 4966 1874 5021 concussarum
1892 4939 2087 5017 similitudo

261 5083 420 5182 qrradam
447 5087 640 5163 exoriatur.
692 5086 735 5161 ln
761 5088 1016 5162 molluscnrum
1045 5088 1205 5185 partibus
1231 5072 1517 5182 series‘semper
1544 5084 1667 5184 plures
1686 5080 2004 5178 adsuntrquarum
2031 5077 2087 5150 oi·

256 5220 301 5293 lia
328 5220 535 5297 adcuratius
552 5246 596 5297 se
612 5247 681 5297 non
699 5236 860 5323 tangunt,
880 5223 1009 5322 quibus
1028 5248 1048 5297 u
1066 5221 1186 5298 latere·
1204 5223 1295 5297 visis
1322 5221 1434 5296 abere
1459 5221 1582 5295 series
1602 5213 1931 5375 alternatpffat,
1956 5211 2022 5287 sed
2047 5222 2088 5286 ut
