4688 6038
995 518 1198 596 ..93-

182 729 322 807 sonum,
349 716 478 806 tamen,
505 716 546 783 ut
572 707 770 805 videamus,
798 705 882 810 plus
908 708 1021 785 semel
1047 708 1253 787 studuimus
1278 732 1494 809 operamque
1511 711 1648 785 variam
1668 709 1913 810 impendimus.
1939 709 1978 785 V
1979 712 2013 786 i-

182 844 274 945 ginti
300 853 469 943 quattuor
493 840 591 921 boris
617 854 872 945 postmortem
898 844 1042 946 elapsis,
1070 843 1248 921 tracbeam
1274 845 1594 946 persquisivimus,
1639 845 1743 944 cujus
1777 845 2014 923 membranam

183 979 415 1080 processibus
446 977 521 1054 illis
545 977 748 1081 globulosis
773 977 868 1056 band
894 1003 975 1057 raro
1002 991 1262 1080 nequeuntem
1294 1004 1450 1080 unquam
1477 982 1637 1058 ciliorum
1664 982 1864 1081 agminibus
1896 983 2013 1057 muni·

182 1126 256 1190 tarn
282 1139 365 1189 esse
391 1111 556 1191 vidimus.
608 1110 831 1216 Sanguinem
856 1139 944 1192 vero
970 1139 1145 1191 summurn
1173 1140 1256 1192 esse
1289 1126 1407 1191 motus
1442 1118 1554 1192 nostri
1590 1127 1878 1193 conservatorem
1910 1127 2014 1215 post·

184 1275 287 1348 quam
315 1249 526 1347 deteximus,
555 1274 630 1323 rem
656 1251 692 1323 in
718 1249 1049 1353 llominemipsum
1075 1250 1311 1326 transferendi
1338 1251 1522 1325 eonsilium
1550 1252 1710 1350 cepimus
1745 1251 1850 1326 illico.
1905 1248 2012 1343 Quod

185 1388 233 1459 ita
260 1397 316 1459 est
343 1386 483 1460 lactum.
536 1381 653 1474 Onam
679 1384 755 1460 fieri
782 1388 906 1486 potuit,
933 1368 1174 1460 maturissime
1200 1397 1321 1484 partes
1347 1386 1523 1486 sanguine
1549 1410 1570 1460 e
1596 1410 1689 1461 vena
1722 1387 1854 1461 emisso
1881 1385 2012 1461 imbui-

185 1545 285 1616 mus,
330 1518 425 1594 unde
457 1530 539 1616 post
565 1520 713 1620 triginta
737 1519 845 1596 horas
869 1520 1091 1596 membranas
1134 1520 1443 1620 investigavimus.
1494 1519 1608 1619 quue
1652 1522 1782 1619 optime
1825 1522 2013 1598 successit.

186 1653 362 1747 Quamvis
391 1654 482 1727 enirn
507 1666 641 1728 motum
666 1656 783 1756 ipsum
809 1680 879 1731 non
907 1657 1059 1756 amplius
1085 1654 1319 1752 vidissemus,
1347 1668 1462 1731 tamen
1491 1654 1774 1730 luculentissime
1800 1653 2013 1731 observavi-

104 1790 106 1795 ’
187 1813 267 1865 mus
294 1788 457 1892 ciliorum
483 1813 610 1890 agmen
638 1791 857 1890 praclarum,
885 1792 1096 1867 membranae
1121 1790 1191 1864 illae
1217 1789 1357 1866 fibrosne
1384 1789 1558 1886 insidens,
1593 1789 1688 1864 unde
1719 1801 1852 1865 motum
1885 1789 2031 1872 adesse

187 1925 419 2000 vibratur-inm
446 1925 645 1999 certissime
673 1925 788 2000 edocti
813 1950 951 2016 sumus.
999 1927 1203 2025 Desumpta
1228 1936 1400 2000 veroest
1426 1950 1510 2025 pars
1537 1948 1557 1998 e
1582 1948 1671 2000 naso
1704 1937 1740 2000 et
1773 1925 1916 2000 trachea
1959 1926 2014 1999 s·

187 2063 289 2134 minae
314 2056 444 2134 XLV.
470 2083 583 2133 annos
609 2076 715 2157 nata,
744 2086 838 2160 que,
867 2085 975 2159 quarn
1000 2073 1103 2135 antea
1130 2048 1255 2135 delirio
1282 2083 1361 2132 cunr
1389 2072 1543 2134 tremore
1568 2057 1787 2158 laborasset,
1814 2061 1902 2136 lebri
1930 2086 2014 2136 ner-

188 2220 279 2271 vosa
304 2196 466 2271 versatili
492 2193 803 2270 vehementissima
829 2194 886 2271 die
911 2195 1023 2270 morbi
1051 2207 1175 2294 quarto
1203 2194 1347 2270 obierat.
1393 2208 1397 2214 “
1994 2292 1999 2301 Ι

342 2329 568 2405 Vibrationis
595 2329 811 2428 crepidinem
835 2329 1026 2428 0,000323
1053 2330 1147 2406 Poll.
1172 2328 1289 2404 Paris
1316 2328 1361 2403 ad
1386 2326 2016 2427 0,000404P011.Paris.nnmera-

189 2467 318 2541 vimus.
369 2463 503 2544 Ciliuur
530 2462 695 2564 quodque
722 2466 840 2564 ipsum
865 2476 920 2539 est
946 2465 1024 2542 basi
1051 2466 1185 2562 latiori,
1221 2465 1321 2563 apice
1347 2465 1498 2538 tenuiori
1526 2475 1561 2538 et
1588 2462 1802 2560 acuminato,
1831 2487 2015 2562 compres-

190 2625 272 2676 sum
298 2612 333 2674 et
360 2599 553 2697 deuexum,
574 2599 807 2699 pellucidum,
835 2601 981 2699 aequale,
1009 2613 1049 2675 ut
1075 2599 1186 2675 verbo
1214 2599 1383 2696 dicamus,
1411 2598 1607 2673 formationi
1633 2596 1697 2694 illi,
1725 2622 1829 2696 quam
1847 2599 1884 2671 in
1901 2624 2015 2675 mam·

190 2735 343 2810 malibus
370 2735 568 2835 saepissime
594 2735 755 2834 reperiri,
782 2737 818 2811 in
845 2760 954 2835 opero
980 2737 1059 2835 ipso
1085 2735 1203 2811 lusius
1230 2735 1569 2831 demonstravimus,
1596 2732 1823 2808 simillimum.
1875 2731 2014 2829 Omnia,

190 2896 270 2972 quae
296 2870 460 2968 aderant,
489 2869 569 2944 eilia
595 2880 665 2944 tam
692 2883 790 2945 arcte
815 2872 882 2946 sibi
910 2881 1009 2946 erant
1036 2870 1325 2970 adpropinquate,
1354 2877 1393 2941 ut
1419 2869 1531 2966 primo
1558 2869 1684 2944 obtutu
1711 2867 1833 2942 striam
1851 2865 1933 2942 'l'ibi
1960 2869 2017 2943 elo

190 3007 342 3082 lorrnare
368 3005 576 3081 viderentur
601 3007 778 3104 propriam
805 3031 848 3081 ac
873 3006 1106 3105 peculiarem,
1140 3007 1198 3080 cui
1224 3002 1433 3078 membrana,
1459 3004 1557 3077 illius
1584 3002 1721 3076 fibrosae
1749 3012 1898 3077 stratum
1924 3004 2015 3079 sub-

190 3142 334 3240 jaceret.
383 3139 619 3216 Adcuratiori
644 3164 733 3215 vero
765 3142 857 3216 lacta
882 3143 1103 3242 inspectione
1129 3149 1393 3239 augmentoque
1420 3139 1593 3212 vitrorum
1618 3137 1741 3234 majori
1768 3136 1932 3235 adhibito,
1961 3139 2015 3211 oi-

192 3279 240 3353 lia
266 3276 410 3376 singula
437 3276 495 3350 vel
521 3274 709 3350 lametula
734 3286 805 3350 tam
831 3277 1032 3353 luculenter
1058 3277 1269 3377 dignoscere
1297 3274 1494 3371 potuimus,
1530 3298 1633 3372 quarn
1660 3273 1695 3346 in
1722 3271 1815 3348 omni
1840 3273 2015 3348 memorali

192 3413 288 3489 illico
316 3424 398 3511 post
423 3412 530 3485 vitam
557 3412 774 3510 exspiratum
801 3413 978 3510 inquisito,
1007 3413 1110 3510 orrjus
1136 3423 1254 3483 motus
1272 3409 1488 3484 vilnatorius
1515 3420 1576 3482 aut
1593 3406 1707 3482 adbuc
1724 3408 1824 3506 viget
1843 3418 1904 3485 aut
1921 3433 2015 3485 nunc

192 3546 363 3647 temporis
389 3545 448 3620 vel
474 3571 558 3621 mox
583 3558 711 3647 sponte
738 3545 894 3622 desierit.
947 3547 1073 3646 ltaque
1099 3545 1195 3645 quod
1221 3547 1255 3618 in
1282 3543 1351 3617 fine
1379 3545 1498 3642 operis
1524 3545 1636 3619 nostri
1679 3551 1798 3617 motus
1832 3541 2015 3618 vibratorii

193 3685 228 3760 in
247 3682 399 3759 Homine
419 3683 514 3757 obvii
541 3680 873 3757 demonstrationem
901 3697 1069 3777 exactam,
1099 3681 1297 3759 certissima
1325 3677 1573 3771 observatipne
1602 3679 1725 3776 nisam,
1744 3701 1876 3778 ponere
1893 3680 2014 3779 possi·
2090 3685 2092 3688 ’

193 3843 283 3915 muS,
311 3817 512 3920 gaudemus
533 3819 614 3917 jure
642 3830 676 3892 et
703 3816 870 3895 letamur.
