4688 6038
1082 528 1285 603 ..50-

274 723 348 790 turn
375 712 605 790 vibraturium
649 711 685 786 in
718 735 808 787 cavo
833 712 909 788 oris
935 712 1079 787 obvium
1105 713 1306 790 deteximus
1333 725 1369 790 et
1393 716 1505 789 metiti
1529 740 1668 795 sumus
1718 683 1902 796 braererea
1928 721 1999 800 duo
2034 725 2095 800 illa

274 860 405 951 puncta
431 848 624 944 vibrantia,
659 848 694 921 in
721 848 904 924 larvarum
936 848 1106 946 maJorum
1132 853 1260 950 capitis
1286 849 1356 924 fine
1380 853 1548 926 auteriori
1576 855 1701 951 posita,
1729 879 1808 952 qua
1834 854 2096 937 Steinbucb

273 998 310 1062 ot
336 1009 402 1062 nos
420 985 719 1080 observaverunt,
739 983 830 1059 lines
854 1007 940 1059 esse
966 986 1103 1059 uarium
1129 999 1166 1064 et
1191 986 1304 1062 latera
1330 987 1458 1087 capitis
1483 989 1659 1064 vibrantia
1690 1003 1876 1088 aperturas
1903 996 1977 1069 oris
2013 997 2097 1093 jure

273 1124 408 1222 opinari
435 1144 502 1197 nos
528 1143 729 1196 censemus.
1012 1163 1018 1176 ·
1248 1142 1271 1189 ι

421 1258 457 1333 4.
483 1255 686 1330 Piscium
711 1266 844 1329 motum
868 1253 1102 1330 vibratorium
1127 1255 1251 1331 nullus
1276 1255 1419 1354 quidem
1461 1256 1603 1335 viderat
1635 1259 1769 1358 adbuc,
1811 1261 1878 1337 sed
1913 1262 2014 1362 lbajce
2058 1277 2115 1351 ct¹

272 1390 401 1492 Squali
427 1389 616 1469 branchias
641 1414 662 1465 e
689 1413 838 1490 corpore
865 1404 1031 1465 exsertas
1058 1392 1210 1488 vibrare,
1238 1417 1318 1466 cum
1345 1389 1553 1494 Sbarrey
1578 1396 1773 1492 opinamur.

421 1527 456 1603 5.
482 1526 822 1623 Molluscorum,
849 1527 885 1599 ni
912 1530 1084 1624 omnium,
1111 1539 1228 1603 tamen
1262 1526 1495 1625 complurium
1537 1554 1672 1629 organa
1703 1532 1932 1631 respiratoria
1956 1536 2091 1611 moveri

270 1663 510 1739 certissimum
535 1686 619 1737 esse
645 1661 798 1738 videtur.
849 1659 983 1736 'l'amen
1010 1664 1045 1736 in
1073 1663 1300 1760 pulmonibus
1314 1662 1465 1761 Helicis,
1485 1665 1648 1765 Lymnai
1667 1667 1712 1742 al
1730 1666 1866 1741 nullum
1883 1667 1998 1745 adbuc
2024 1696 2091 1747 nats

269 1797 406 1873 vidisse
433 1799 637 1897 vestigium,
664 1799 821 1908 ingenue
846 1797 1007 1874 latemur.
1058 1797 1293 1899 Myacearmn
1319 1823 1388 1873 non
1413 1800 1532 1878 solum
1575 1766 1772 1899 branellias,
1800 1803 1865 1878 sed
1892 1806 1996 1879 etiam
2023 1832 2092 1906 ap.

268 1932 439 2034 pendices
467 1935 689 2008 accessorius
717 1959 748 2032 q.
775 1932 817 2008 d.·
834 1931 1106 2009 Nebenkiemen
1132 1937 1268 2008 moveri
1294 1947 1414 2010 notum
1440 1947 1507 2012 est.
1558 1933 1666 2027 Quod
1700 1940 1786 2013 tanti
1829 1952 1885 2015 est
1910 1945 2088 2040 momenti,

266 2083 307 2145 ut
335 2071 451 2144 insius
494 2070 597 2144 nobis
640 2069 900 2167 exponentibus
943 2069 1059 2145 liceat.
1109 2068 1312 2170 Marginem
1345 2070 1519 2147 branchiae
1542 2075 1711 2172 striaque
1743 2076 1987 2174 cujuscunque
2029 2077 2089 2152 rel

268 2219 376 2280 rosta
402 2217 600 2280 extremmn
627 2205 787 2301 vibrare,
821 2206 971 2302 primum
997 2207 1108 2281 totins
1134 2202 1350 2303 phenomeni
1384 2207 1616 2304 detectorem,
1644 2235 1665 2282 a
1691 2207 1837 2284 Heide
1863 2209 1944 2310 (Gi.
1970 2214 2003 2298 8.
2030 2213 2088 2312 o.)

265 2365 335 2415 non
362 2341 513 2441 fugerat.
565 2339 703 2415 Praeter
730 2364 834 2438 quem
860 2354 1057 2421 extremum
1082 2343 1277 2441 marginem
1310 2366 1416 2439 quum
1450 2344 1546 2417 striae
1580 2368 1800 2443 quecunque
1840 2343 1932 2421 duos
1961 2346 2088 2426 babeat

265 2477 435 2552 laterales
465 2477 656 2576 margines,
686 2476 745 2573 qui
772 2475 922 2572 vibrent,
967 2477 1164 2571 videamus,
1193 2501 1351 2574 quaenam
1379 2474 1501 2552 borum
1518 2481 1671 2553 omnium
1698 2482 1746 2555 sit
1764 2482 1870 2575 ratio;
1897 2481 1991 2578 quod
2017 2508 2088 2581 quo

263 2612 394 2689 melius
411 2614 483 2711 fiat,
507 2624 724 2689 structuram
742 2613 950 2711 penitiorem
968 2611 1092 2688 borum
1110 2637 1329 2712 organorum.
1347 2610 1554 2688 adcuratius
1580 2614 1799 2715 indagemus
1851 2614 1976 2719 Striaej,
2009 2644 2087 2718 quac

263 2749 465 2826 branchiam
481 2750 720 2842 constituant,
749 2749 911 2844 quamvis
938 2751 1114 2849 contiguae·
1155 2750 1245 2844 sint,
1289 2774 1358 2824 nou
1394 2749 1510 2824 solum
1536 2748 1734 2823 immediate.
1758 2775 1801 2825 se
1828 2777 1897 2826 non
1923 2765 2086 2853 tangunt,

263 2885 329 2958 sed
356 2899 498 2959 remotae
525 2882 781 2981 aliquantulum
807 2884 899 2957 inter
925 2908 967 2958 se
985 2885 1033 2957 ita
1059 2895 1160 2980 suut,
1187 2895 1238 2981 ut,
1268 2909 1373 2982 quum
1402 2885 1579 2983 parallelo
1604 2885 1672 2959 sibi
1700 2886 1772 2960 lere
1792 2888 1946 2985 jaceant,
1965 2890 2086 2988 spatia

261 3021 344 3096 inde
371 3023 531 3096 oriantm·
556 3019 837 3118 longitudirralia,
865 3019 1029 3118 oblonga,
1057 3021 1250 3093 amatorie
1278 3033 1313 3093 et
1339 3021 1538 3095 substantia
1565 3013 1706 3095 animali
1750 3046 1865 3096 vacua
1907 3033 1943 3096 et
1976 3023 2084 3100 lluido

261 3158 448 3232 anrbeunte
476 3156 622 3254 repleta.
671 3151 764 3246 011ae
797 3180 860 3253 per
891 3180 1029 3229 omnem
1057 3153 1295 3244 extendantur
1321 3155 1493 3229 branolriae
1519 3155 1785 3256 longitudinem,
1814 3159 1849 3232 ui
1877 3162 2087 3235 connectisa

260 3291 518 3368 transrer·salia
543 3315 606 3368 eas
633 3304 858 3390 percurrant,
885 3315 966 3389 quac
1000 3290 1112 3364 veluti
1139 3303 1265 3389 pontes
1292 3293 1335 3366 ab
1361 3316 1432 3366 una
1457 3292 1546 3365 stria
1572 3290 1617 3365 ad
1644 3293 1789 3366 alteram
1815 3293 1937 3368 striam
1963 3308 2086 3370 trans·

260 3443 352 3506 eant.
403 3428 536 3526 Neque
563 3451 651 3501 vero
679 3428 795 3501 omnia
821 3428 855 3503 in
883 3451 953 3500 una
980 3424 1175 3524 eademque
1195 3427 1392 3526 superficie
1418 3426 1521 3525 plana
1541 3428 1665 3526 jacere
1699 3428 1802 3503 facilc
1828 3413 1978 3527 videbis,
2006 3456 2085 3505 ma·

253 3568 324 3665 jori
350 3567 524 3640 vitrorum
551 3576 743 3663 augmento
768 3586 870 3636 usus.
922 3558 1063 3652 Quibus
1089 3563 1251 3637 omnibus
1277 3561 1404 3637 areola,
1431 3560 1701 3663 distinguuntur
1717 3563 1801 3664 plus
1826 3566 1991 3641 minusve
2016 3566 2084 3642 ob·
2188 3661 2192 3666 Ι

258 3703 384 3804 longa,
402 3724 551 3800 quarum
581 3701 700 3799 paries
727 3725 760 3774 v.
783 3723 818 3772 c.
846 3696 974 3771 dextra
1000 3698 1147 3771 sinister
1171 3712 1228 3772 est
1254 3723 1377 3798 margo
1404 3700 1501 3772 striae
1521 3698 1671 3795 dextre
1687 3699 1805 3796 paries
1817 3700 1964 3776 sinistra
1988 3700 2083 3775 dex·

258 3852 314 3915 ter
339 3840 436 3913 striae
461 3837 616 3912 sinistro
634 3859 769 3935 margo,
797 3835 916 3933 paries
943 3828 1109 3930 superior
1134 3833 1279 3909 interior
1297 3834 1496 3910 connectini
1513 3835 1712 3932 superioris
1729 3859 1863 3934 margo,
1888 3837 2006 3934 paries
2024 3837 2083 3910 in·

256 3976 365 4051 terior
390 3975 556 4073 superior
583 3971 782 4046 conrrcctivi
810 3969 987 4045 inferioris
1012 3993 1147 4070 margo.
1197 3969 1330 4069 Margo
1356 3968 1483 4045 dexter
1509 3981 1545 4044 et
1562 3970 1709 4044 sinister
1735 3971 1874 4045 vibrant
1902 3971 2006 4070 idque
2024 3971 2082 4047 di·

258 4111 476 4187 rectionibus
502 4109 571 4184 sibi
596 4108 797 4201 contrariis,
825 4117 864 4180 ut
891 4130 925 4179 r.
953 4129 983 4180 c.
1009 4107 1181 4205 marginis
1207 4103 1324 4179 dextri
1351 4105 1394 4181 ab
1422 4106 1591 4180 exteriori
1621 4104 1670 4178 ad
1701 4106 1866 4202 interius,
1910 4109 2082 4205 marginis
2109 4200 2115 4211 ·

255 4248 392 4324 sinistri
420 4246 540 4320 tluxus
567 4243 610 4319 ab
638 4244 795 4317 interiori
822 4240 868 4314 ad
892 4242 1056 4316 exterius
1081 4243 1139 4317 sit.
1180 4236 1288 4334 Quod
1314 4239 1396 4314 iude
1421 4242 1551 4336 euenit,
1580 4240 1813 4340 quodquam
1829 4253 1947 4316 motus
1973 4245 2081 4317 unius

256 4381 487 4484 ejusdemque
514 4382 609 4454 striae
637 4376 782 4451 eandem
803 4377 1039 4451 directionem
1073 4386 1210 4473 teneat,
1246 4391 1392 4475 propter
1426 4374 1649 4470 inflexionem
1676 4401 1709 4452 v.
1736 4400 1766 4453 c.
1792 4377 1937 4450 sinistro
1968 4376 2081 4455 latere

255 4518 460 4614 adscendat,
481 4513 674 4591 descendat
692 4511 819 4587 dextro
838 4512 960 4587 latere.
985 4509 1119 4610 Quare,
1140 4513 1199 4611 qui
1218 4513 1347 4587 leviter
1364 4513 1543 4608 observat,
1562 4511 1667 4586 facile
1686 4512 1754 4585 sibi
1773 4535 1920 4587 cernere
1938 4512 2080 4590 videtur

256 4683 382 4732 rerum
400 4653 497 4732 lluidi
516 4651 716 4747 circuitum,
733 4649 768 4723 in
787 4645 1011 4723 Vallisneria
1028 4660 1064 4723 et
1080 4644 1214 4727 Charis
1233 4645 1690 4747 reperiundoninri'llinrum,
1717 4650 1757 4720 ut
1783 4642 1930 4724 Carus
1947 4673 1968 4722 a
1985 4647 2079 4723 Plu·

254 4794 397 4867 matella
423 4805 458 4866 et
484 4787 554 4865 nl.
582 4812 601 4861 a
629 4783 894 4859 Nordmann
922 4806 969 4858 ex
993 4781 1213 4885 Alcyonella
1239 4783 1448 4859 retulerunt.
1499 4781 1736 4856 Adcuratiori
1762 4806 1849 4857 vero
1869 4784 2078 4881 inspectioni

255 4928 509 5006 anodontarum
527 4921 713 5002 luuncbias
731 4920 826 4995 aliud
852 4918 1026 5020 quoddam
1053 4918 1304 5015 demonstrant.
1355 4917 1498 4994 Fluxus
1525 4918 1616 4990 enim
1635 4940 1703 4991 non
1723 4918 1757 4990 in
1785 4921 2003 4992 connectitis
2021 4920 2078 4993 in-

255 5066 464 5160 flectuntur,
492 5061 557 5139 sed
584 5057 651 5137 sub
678 5057 888 5133 connectivo
914 5054 1202 5157 progrediuntur,
1230 5053 1329 5128 nulla
1354 5066 1487 5128 mutata
1513 5053 1707 5127 directione
1735 5054 1793 5127 rel
1813 5079 1852 5129 re
1868 5055 1948 5128 alia.
1987 5051 2076 5145 Qua

255 5205 371 5278 omnia
397 5209 558 5277 externe
577 5191 751 5273 branchia
775 5193 965 5292 utriusque
990 5191 1201 5293 superficies
1228 5189 1380 5266 exbibet.
1433 5182 1540 5283 ouon
1583 5214 1672 5266 vero
1707 5188 1752 5264 ad
1778 5168 1995 5267 structuram
2020 5190 2077 5263 in·
