4688 6038
1065 535 1268 610 ...53-

255 724 380 824 periri,
408 720 612 825 Sharrey
637 731 735 799 recte
755 723 829 821 jam
853 733 1049 802 monuerat
1100 723 1143 798 ln
1168 723 1281 797 larvis
1308 716 1561 818 ampodiiorum
1586 717 1740 818 plurium
1770 729 1890 795 motas
1916 719 2076 820 plaryn·

254 860 314 959 gis
340 852 568 956 vibratorlus,
595 857 754 934 formatis
780 858 958 935 branchiis
982 861 1153 953 internis,
1198 857 1294 933 illico
1336 858 1454 931 intrat.
1503 854 1593 930 Alia
1619 877 1707 930 vero
1733 879 1794 965 res
1819 870 1876 930 est
1902 857 1937 931 in
1964 857 2076 930 larvis

255 994 489 1090 lacertarum,
522 992 781 1068 latrociniorum
807 993 922 1070 adlrue
941 995 1163 1093 junioribus,
1208 1015 1357 1093 qaorum
1401 990 1576 1065 branchiae
1607 1014 1629 1064 e
1654 1013 1803 1089 corpore
1830 1003 1983 1066 exserta
2009 1012 2078 1064 non

120 1167 123 1175 ·
257 1141 394 1204 tanturn
421 1130 577 1225 vibrant,
609 1127 676 1202 sed
707 1129 913 1230 embrponis
939 1142 1013 1206 tota
1038 1110 1249 1230 superficies
1276 1151 1346 1202 ovo
1372 1125 1485 1200 adlrue
1513 1126 1641 1201 inclusi
1667 1127 1867 1202 certissimo
1893 1138 1989 1200 motu
2015 1149 2080 1199 se·

258 1263 413 1339 eundum
440 1280 562 1339 nostra
588 1262 728 1338 detecta
755 1265 877 1342 utitur.

1110 1537 1146 1618 3.
1178 1535 1239 1610 50.

843 1666 893 1746 ll.
935 1669 1168 1744 Animalia
1203 1669 1503 1744 evertebrata.

413 1801 461 1883 ln
488 1801 543 1877 his
570 1814 688 1877 motus
715 1804 941 1899 vibratorias,
970 1807 1001 1879 si
1029 1806 1141 1901 adest,
1169 1806 1204 1879 in
1233 1804 1485 1904 embryonibus
1512 1824 1581 1873 (ovo
1625 1795 1740 1873 adhuc
1767 1798 1917 1872 inclusis
1942 1822 2084 1896 semper

257 1939 331 2034 jam
357 1938 498 2012 inessse
525 1936 677 2013 videtur.
728 1937 788 2012 De
814 1938 1067 2015 Molluscis
1094 1952 1131 2015 et
1156 1940 1403 2014 Protozois
1430 1949 1579 2011 constat.
1631 1933 1873 2030 Hucaccedit,
1902 1934 2083 2033 quodova

262 2075 341 2172 ipsa
368 2072 596 2172 embryonern
623 2085 684 2146 aut
710 2074 923 2174 embryones
949 2075 1164 2151 includentia
1189 2075 1249 2149 vel
1276 2076 1372 2149 sacci
1401 2071 1557 2171 prolileri
1584 2070 1677 2142 ciliis
1702 2081 1739 2144 et
1773 2081 1871 2143 mota
1889 2069 2084 2144 vibratorio

263 2207 445 2307 gaudeant
479 2208 513 2280 in
546 2205 787 2281 Radiariis
821 2225 858 2283 et
892 2209 1149 2309 Protozois,
1177 2235 1247 2309 qna
1274 2235 1314 2284 re
1338 2235 1360 2285 e
1384 2230 1536 2308 corpore
1563 2205 1686 2279 matris
1712 2206 1845 2280 emissa
1870 2204 1982 2279 libere
2009 2226 2087 2278 mo-

219 2358 221 2361 ’
267 2358 428 2439 veantur,
456 2353 617 2416 notentur
644 2356 679 2416 et
705 2356 836 2419 natent

942 2508 945 2516 ·
1059 2508 1067 2522 ⁸
1103 2481 1137 2564 -s
1171 2477 1232 2555 51.

319 2626 325 2635 ¹
417 2611 544 2686 Motus
573 2612 844 2710 progressorius
870 2624 906 2689 et
932 2615 1144 2711 natatorius,
1189 2618 1353 2715 quamvis
1380 2616 1492 2715 primo
1518 2612 1644 2686 obtutu
1671 2610 1918 2710 phaerromenon
1945 2610 1994 2682 sit
2020 2618 2089 2681 tam

267 2746 462 2842 mirificum,
481 2760 522 2820 ut
539 2746 722 2846 singulare
749 2746 925 2844 quoddam
951 2773 1034 2824 esse
1060 2764 1167 2848 atque
1194 2752 1333 2826 unicam
1355 2753 1437 2848 jure
1456 2763 1674 2843 censeretur,
1694 2758 1810 2821 tamen
1834 2745 1973 2818 nonnisi
1992 2756 2090 2817 motu

268 2883 463 2958 vibratorio
489 2882 656 2957 continuo
683 2884 861 2957 excitatur
887 2895 923 2959 et
949 2883 1181 2984 dispositione
1199 2886 1371 2984 ciliorum,
1398 2885 1558 2983 inprimis
1576 2906 1663 2957 vero
1682 2882 1793 2956 forma
1811 2880 1972 2979 corporis
1990 2878 2090 2975 ejus-
2150 2900 2151 2905 ¹

270 3043 340 3118 que
366 3015 524 3118 pondere
562 3015 732 3120 specifico
775 3016 951 3095 delinitur.
1018 3016 1127 3111 Quod
1170 3031 1207 3097 et
1250 3033 1351 3098 ortus
1393 3019 1499 3118 liujus
1541 3030 1661 3094 motus
1704 3016 1864 3092 rotatorii
1908 3015 2092 3110 omnisque

270 3165 396 3228 natura
422 3153 512 3227 satis
539 3175 720 3251 superque
746 3150 975 3230 demonstrat.
1027 3152 1093 3232 Sic
1119 3156 1317 3231 secundum
1343 3156 1612 3232 observationes
1638 3179 1660 3228 a
1694 3151 1856 3247 Carus,
1898 3149 2094 3246 Jacque·

269 3290 358 3363 min
395 3298 431 3361 et
456 3288 559 3363 nobis
585 3287 675 3386 ipsis
701 3288 737 3361 in
764 3288 1017 3390 embryonibus
1050 3291 1232 3368 institutas
1266 3292 1520 3367 molluseorum
1555 3291 1667 3389 primo
1699 3299 1755 3363 est
1781 3287 1882 3381 talis,
1916 3285 2033 3383 qualis
2059 3285 2093 3356 in

271 3422 372 3498 disco
399 3423 495 3501 circa
512 3432 673 3498 centrum
698 3446 729 3499 s.
755 3425 838 3498 axin
870 3423 1126 3502 horizontalem
1151 3439 1265 3524 moto,
1287 3426 1414 3502 deinde
1440 3424 1557 3527 qualis
1583 3427 1618 3500 iu
1644 3425 1752 3525 globo
1778 3423 1873 3496 circa
1899 3422 1983 3495 axin
2010 3443 2096 3518 per·

273 3556 540 3660 pendicularem
563 3557 797 3658 ingrediente,
826 3557 979 3659 denique
1004 3561 1145 3637 tandem
1171 3564 1364 3638 rotatorius
1406 3562 1587 3660 simulque
1626 3557 1910 3660 progressorius.
1961 3554 2097 3629 'lamen

275 3692 480 3793 quietudine
507 3692 663 3792 eleganti
691 3718 733 3768 ac
758 3695 847 3769 mira
872 3708 1005 3771 motum
1031 3696 1125 3772 lrunc
1151 3698 1187 3772 in
1214 3697 1467 3799 embryonibus
1509 3697 1763 3770 mollusoorum
1790 3693 1933 3767 obviam
1960 3701 2098 3764 rotato-

274 3829 366 3905 rium
379 3849 632 3929 magnoperea
656 3804 755 3906 motu
781 3832 952 3906 rotatorio
979 3840 1210 3908 entozoorum
1236 3846 1272 3908 et
1298 3833 1552 3909 inlusoriorum
1579 3830 1721 3905 differre
1747 3827 1911 3903 lubenter
1937 3826 2098 3899 latemur.
2235 3804 2237 3808 ⁷

274 3962 332 4039 At
362 3963 587 4064 singularum
618 3988 738 4040 rerum
763 3976 897 4040 motum
922 3969 1212 4044 constituentium
1237 3968 1393 4074 singulis
1428 3966 1602 4064 diversis,
1639 3963 1861 4041 characteris
1887 3958 2100 4036 vicissitudo

276 4099 450 4176 alliciatur
483 4122 634 4176 necesse
665 4112 732 4177 est.
775 4099 1032 4180 Phaenomenon
1050 4128 1139 4180 vero
1157 4106 1310 4181 omnium
1328 4105 1495 4203 princeps
1512 4115 1645 4179 motum
1669 4100 1902 4174 vibratorium
1920 4096 2100 4208 habemus.

427 4233 719 4334 Hispraemissis,
763 4236 893 4336 quibus
919 4241 1114 4317 rationibus
1139 4239 1275 4316 suffulti
1302 4237 1567 4336 Steinbuelr,
1603 4234 1781 4313 Stiebel
1808 4244 1860 4329 et,
1889 4234 1923 4306 ni
1950 4235 2098 4332 primus,
2143 4304 2146 4308 .

276 4379 392 4445 tamen
419 4369 536 4452 fusius
561 4366 709 4447 (larus
735 4384 869 4448 motum
894 4386 931 4449 et
958 4377 1164 4451 natatoriam
1191 4386 1227 4450 et
1253 4375 1540 4474 progressorium
1567 4373 1673 4448 simul
1700 4372 1734 4444 in
1759 4367 2012 4469 embryonibus
2029 4366 2099 4438 Iri·

280 4528 419 4579 macum
443 4504 696 4603 reperiundum
721 4531 802 4582 oum
827 4521 924 4584 motu
951 4512 1173 4610 planetarum
1199 4512 1423 4607 contulerint,
1451 4521 1579 4610 sponte
1598 4509 1725 4583 elucet.
1758 4504 1987 4603 Comparatio
2005 4500 2100 4574 haud

179 4634 182 4645 '
287 4639 394 4716 dubie
419 4628 591 4718 acuminis
618 4640 739 4740 plena!
772 4641 837 4719 An
863 4668 952 4722 vero
978 4671 1066 4723 vera
1090 4646 1208 4745 simul,
1236 4647 1317 4722 aliis
1342 4644 1603 4744 dijudicandam
1632 4641 1873 4743 relinquimus.

1133 4921 1166 5004 i.
1191 4919 1251 4996 52.

433 5044 629 5145 Reperitur
656 5061 775 5126 motus
801 5052 1034 5152 embryouum
1059 5055 1094 5130 in
1121 5079 1191 5130 ovo
1216 5053 1435 5129 inclusorum
1462 5062 1497 5128 et
1525 5052 1716 5128 rotatorius
1751 5062 1785 5121 et
1812 5043 2101 5146 progressorius:

439 5181 467 5258 l.
496 5181 537 5256 ln
567 5183 776 5261 Bata-noli
790 5187 838 5262 is.
890 5187 973 5264 Nos
999 5190 1102 5289 prinii
1120 5188 1210 5264 hanc
1236 5192 1444 5267 rotationem
1471 5190 1702 5289 embryonum
1728 5186 1763 5259 in
1789 5207 1859 5259 ovo
1885 5182 2102 5256 inclusorum
