4688 6038
1056 519 1341 637 ,--m--w

254 720 369 785 tamen
397 731 478 798 cum
504 708 542 784 in
564 705 631 805 luis,
660 718 735 782 tum
761 708 798 783 iu
822 707 879 804 iia
906 705 969 805 qui
993 705 1097 790 liberi
1124 717 1387 802 remanserant,
1414 705 1496 781 cilia
1522 704 1721 805 sepissime
1744 705 1983 806 facillimeque
2008 708 2077 784 ob-

255 857 456 923 servantur.
831 842 833 847 ’

277 1027 282 1033 -
393 977 440 1067 ,3.
467 978 510 1054 ln
535 975 870 1054 batrachiorum
895 975 1008 1058 larvis
1034 976 1117 1052 cilia
1138 974 1318 1051 difficilius
1337 975 1489 1074 quidem,
1509 986 1625 1061 tamen
1642 974 1858 1052 hauddubie
1875 991 2080 1057 cernuntur.

254 1115 482 1197 Eranarum
507 1125 543 1188 et
568 1113 784 1188 lacertarum
809 1111 987 1187 branchiis
1013 1111 1212 1187 descissam
1238 1111 1458 1212 particulam,
1486 1113 1684 1210 presertim
1723 1114 1985 1211 compressorio
2010 1116 2080 1189 mi·
2132 1083 2147 1125 ⁴*

256 1252 447 1329 crotomico
462 1251 593 1333 leniter
610 1272 864 1347 compressam,
893 1247 988 1345 qnod
1013 1250 1044 1322 si
1072 1249 1195 1345 majori
1220 1248 1289 1322 snb
1316 1246 1466 1328 lentium
1484 1260 1675 1348 augmento
1693 1247 1883 1347 adspicias,
1903 1249 1985 1324 cilia
2004 1250 2083 1348 ipsa

240 1387 419 1460 facillime
445 1384 596 1481 videbis,
624 1408 703 1483 qua
727 1395 768 1457 ut
788 1384 830 1456 'in
844 1394 931 1473 ,tuta
957 1381 1082 1458 borum
1107 1384 1341 1484 embryonunt
1365 1385 1530 1482 corporis
1555 1395 1705 1458 externa
1727 1383 1917 1482 superficie
1944 1409 2082 1485 cogno-

257 1547 349 1618 scas,
377 1546 456 1594 enm
481 1520 563 1594 'l'ibi
589 1518 876 1594 commendemus
904 1521 1119 1616 cautionem,
1147 1532 1188 1594 ut
1217 1521 1255 1593 in
1281 1520 1458 1617 objectum
1483 1521 1520 1594 in
1546 1518 1654 1594 fundo
1680 1520 1785 1619 nigro
1812 1498 1966 1617 positum
1992 1521 2082 1596 solis

255 1658 373 1733 lumen
399 1680 465 1754 per
492 1657 622 1754 prisma
649 1668 878 1748 concentres;
906 1678 975 1751 quo
1002 1654 1094 1730 facto
1121 1656 1202 1729 cilia
1228 1655 1290 1729 illa
1315 1657 1466 1751 minima,
1485 1656 1693 1754 prismatum
1711 1654 1892 1744 coloribus
1909 1655 2083 1756 fulgentia

255 1795 352 1868 etin
378 1792 570 1866 fasciculos
604 1791 778 1889 disposita
805 1791 1006 1887 conspicies
1033 1802 1176 1867 etcum
1203 1793 1309 1866 animi
1351 1791 1580 1890 cupiditatem
1607 1790 1772 1887 satiabis,
1816 1802 1892 1865 tum
1935 1816 2083 1867 sensum
2190 1780 2197 1797 ’

254 1927 462 2029 spectaculo
490 1927 790 2014 excellentissimo
818 1925 1065 2001 delectaberis,
1315 2012 1317 2016 .
1783 1904 1787 1913 ⁸

407 2062 441 2137 d.
467 2061 809 2137 Molluscornm
837 2062 918 2134 cilia
945 2061 1109 2134 facillime
1136 2079 1331 2137 cernuntur
1363 2063 1632 2161 saepissimeque
1652 2064 1726 2160 jam
1761 2074 1845 2137 sunt
1880 2061 2082 2139 observata.

255 2197 374 2297 Cujus
392 2200 444 2273 rei
459 2197 642 2295 exemplar
658 2196 765 2296 longe
782 2199 932 2293 primum
950 2223 992 2271 ac
1008 2198 1186 2295 princeps,
1215 2196 1381 2294 Unionis,
1408 2196 1610 2272 Anadontte
1637 2198 1681 2273 al.
1709 2197 1895 2273 branchias
1922 2200 2082 2273 nomina-

254 2361 346 2432 mus,
374 2336 504 2434 quippe
531 2333 627 2431 quod
653 2332 735 2408 cilia
761 2332 986 2432 longissima,
1015 2332 1171 2408 discreta
1203 2359 1271 2409 sua
1306 2335 1467 2433 ipsorum
1492 2349 1636 2431 natura,
1664 2335 1794 2433 optime
1819 2332 2082 2434 discernuntur

254 2469 353 2564 Quin
377 2441 511 2567 majora
535 2467 650 2543 adhue
677 2481 761 2542 sunt
787 2471 823 2542 in
848 2470 1036 2566 intestino,
1064 2493 1200 2569 organo
1243 2468 1305 2543 illo
1333 2428 1555 2568 puluuflrio
1580 2494 1612 2546 s
1637 2470 1794 2545 urinario
1821 2480 1912 2544 ets.
1938 2446 2009 2567 pl,
2031 2481 2081 2564 ul,

255 2606 351 2706 quod
377 2629 508 2680 omnes·
526 2606 578 2678 rei
605 2606 859 2703 observatores
886 2605 968 2678 cilia
993 2629 1063 2680 non
1089 2605 1254 2702 viderint,
1281 2595 1344 2681 aut
1370 2606 1510 2681 levitati
1537 2617 1599 2679 aut
1629 2604 1945 2696 instrumentorum
1971 2605 2085 2703 culpae

255 2741 489 2817 adnumerare
515 2762 584 2814 non
612 2738 824 2814 dubitemus.
875 2739 1125 2841 Embryunum
1142 2741 1224 2829 cilia
1251 2740 1418 2851 facillime
1444 2741 1693 2837 observantur,
1721 2753 1783 2816 aut
1809 2742 1903 2817 omni
1921 2765 2085 2840 corpore,
2158 2819 2160 2824 ,

255 2889 315 2955 aut
340 2877 464 2975 majori
489 2877 664 2949 minorive
692 2877 770 2972 ejus
795 2876 970 2975 particula
996 2879 1257 2975 compressorio
1284 2901 1501 2975 compressa.

299 3031 301 3034 ·
337 3040 341 3052 ·
405 3011 441 3086 5.
467 3009 606 3086 Eadem
631 3009 781 3086 dicenda
806 3022 892 3086 suut
917 3010 962 3087 de
988 3014 1210 3111 entozoiS,
1238 3014 1470 3112 parasitis
1497 3023 1538 3086 et
1563 3010 1818 3097 infusoriis.

1113 3284 1146 3368 f.
1178 3281 1238 3359 62.

406 3414 549 3508 onibus
575 3441 670 3491 nnnc
697 3417 883 3515 expositis,
912 3442 991 3516 quae
1016 3417 1062 3492 de
1087 3418 1183 3493 ciliis
1209 3416 1396 3493 referenda
1421 3418 1505 3515 sint,
1532 3418 1687 3493 seorsim
1712 3426 1983 3516 pertractemus
2030 3502 2033 3507 y

406 3549 440 3626 1.
466 3547 565 3631 Sunt
591 3553 684 3628 enim
709 3553 770 3627 fila
796 3555 926 3649 tenuia,
954 3553 1143 3652 pellucida,
1172 3553 1350 3652 decolora,
1371 3554 1530 3654 aqualia,
1549 3551 1824 3652 subsplendidn,¹
1845 3575 1995 3650 quorum
2017 3550 2087 3626 ba·

254 3687 308 3770 sis
333 3686 543 3762 membranae
566 3689 773 3788 superficiei
797 3689 940 3786 insidet,
968 3677 1081 3764 libera
1107 3704 1265 3767 remanet
1292 3714 1395 3790 apex.
1427 3688 1504 3766 ‘ltu
1529 3691 1567 3764 in
1592 3690 1722 3787 quovis
1746 3687 1888 3762 animali
1914 3688 2085 3787 inquisito

255 3821 436 3922 adparent.
1714 3906 1718 3912 ,

407 3960 443 4035 2.
468 3957 714 4060 longitudine
741 3959 954 4057 permultum
980 3961 1138 4058 variant,
1167 3974 1224 4057 ut,
1254 3987 1330 4061 quae
1357 3960 1582 4062 reperiantur
1609 3957 1823 4057 differentis,
1850 3955 2088 4055 au000075

256 4089 350 4167 Poll.
376 4091 492 4170 Paris.
519 4095 564 4169 ed
589 4093 782 4189 0‚000908
810 4095 903 4170 Poll.
931 4094 1047 4171 Paris.
1074 4097 1361 4197 progrediantur.
1413 4097 1527 4172 Plura
1552 4095 1598 4171 de
1624 4093 1741 4172 bisv.
1759 4091 1849 4193 Cup.
1872 4093 2086 4201 insequenti,

256 4228 317 4301 ubi
344 4227 388 4301 de
415 4228 659 4328 magnitudine
685 4230 878 4330 crepidinis
904 4229 1106 4306 vibratoriae
1133 4233 1330 4333 loquemur.
1382 4230 1503 4324 Quam
1527 4257 1617 4310 uero
1643 4256 1725 4306 cum
1742 4227 1964 4330 longitudine
1983 4228 2089 4303 cilio-

257 4384 336 4443 tum
361 4364 441 4462 ipsa
468 4364 684 4440 confundere
710 4379 774 4440 aut
799 4392 933 4466 requam
961 4382 1107 4466 putere,
1143 4392 1334 4447 erroneum
1360 4369 1424 4467 sits,
1470 4370 1601 4470 quippe
1628 4393 1706 4467 quae
1730 4367 1794 4442 illa
1817 4390 1888 4442 non
1907 4364 2026 4440 solum
2044 4365 2088 4440 ab

257 4498 325 4597 luis,
352 4499 417 4576 sed
444 4526 466 4575 a
492 4497 688 4575 directione
714 4513 750 4576 et
776 4503 986 4577 extensione
1011 4517 1132 4578 motus
1158 4503 1368 4602 dependeat.

409 4633 444 4712 3.
470 4635 642 4710 Latitudo
669 4637 831 4713 ciliorum
857 4640 976 4713 rarius
1008 4651 1146 4715 tantum
1160 4641 1307 4738 aequalis
1325 4665 1410 4717 esse
1425 4640 1586 4732 videtum
1612 4639 1797 4714 rarissim
1815 4660 1903 4712 vere
1920 4637 1970 4710 ita
1988 4635 2101 4731 cbm-¹

259 4755 391 4871 paratu,
410 4784 461 4868 ut,
480 4772 559 4848 ltusi
575 4772 703 4856 minori
729 4784 765 4847 et
790 4776 954 4871 tenuiori,
983 4777 1085 4874 apice
1111 4777 1324 4852 intumescat
1350 4790 1387 4854 et
1412 4777 1518 4853 cunei
1543 4776 1605 4850 vel
1631 4771 1849 4850 clavm'inde
1866 4772 2013 4848 formam
2029 4773 2093 4848 in-

259 4903 363 4999 duat;
396 4907 491 5006 quod
516 4907 553 4981 in
580 4904 762 4982 Unionum
788 4909 966 4985 branchiis
993 4909 1181 4985 hincinde
1207 4936 1323 5010 neque
1348 4915 1439 4989 satis
1465 4911 1563 4988 clare
1589 4911 1784 4986 observare
1810 4909 2001 5008 potuimus.
2044 4907 2091 4985 In

258 5042 352 5119 omni
377 5041 463 5138 fere,
481 5042 578 5140 qnod
602 5067 669 5119 nos
696 5042 903 5121 adcuratius
938 5047 1198 5145 inquisivimus,
1227 5049 1383 5146 animali,
1428 5047 1589 5124 ciliorum
1614 5044 1717 5121 basin
1743 5045 1920 5142 latiorem,
1953 5044 2091 5144 apicem

258 5179 766 5278 tenuioremobqervavimus,
794 5196 834 5256 ut
861 5180 1010 5258 dimidie
1038 5181 1118 5258 binc
1145 5185 1305 5259 oriantur
1326 5196 1465 5284 partes,
1502 5207 1581 5283 quae
1605 5183 1742 5264 sermm
1766 5183 1972 5280 sensimque
1995 5180 2092 5259 ineu
