4688 6038
1087 535 1292 612 ..ss-

272 721 475 825 primigena
501 731 667 796 contento
692 721 741 795 sit
767 720 931 819 positum,
958 723 1171 799 lunctionem
1198 723 1374 822 quandam
1399 720 1632 825 singularem,
1657 748 1793 828 organo
1807 725 1953 803 cuidam
1970 729 2120 830 singu·-

272 859 341 934 lari
360 856 539 958 propriam
555 879 598 931 ae
623 856 853 955 peculiarem,
880 859 1050 956 tribuere,
1079 858 1162 958 quid
1189 858 1318 935 salsius
1343 861 1542 960 excogitari
1568 863 1685 961 possit
1709 863 1866 962 quidque
1889 863 2019 940 rationi
2033 864 2107 966 ipsi

272 996 394 1097 magis
419 995 657 1094 repugnans?
707 990 816 1085 ouon
841 995 933 1067 enim
960 1019 1176 1095 organorum
1202 997 1407 1095 congeriem
1433 996 1691 1096 complectitur,
1719 999 1797 1096 ejus
1822 999 2043 1075 functionum
2068 1011 2108 1078 st

272 1132 381 1209 babet
407 1129 541 1204 nullam
568 1139 605 1204 et
629 1129 665 1203 in
692 1118 856 1203 omnibus
881 1131 1098 1228 continetur,
1132 1156 1241 1230 quum
1267 1130 1515 1231 singularibus
1539 1132 1613 1206 illis
1640 1133 1750 1208 rebus
1774 1135 1811 1208 in
1836 1135 1987 1236 organis
2013 1137 2106 1239 ipsis

273 1267 406 1368 positis
432 1289 502 1342 non
527 1276 668 1362 utatur,
705 1276 883 1361 nmquam
909 1267 1080 1366 generale
1116 1291 1158 1341 ae
1194 1266 1457 1342 fundamentale
1500 1270 1681 1343 antemio
1708 1271 1863 1345 omnium
1887 1269 1998 1348 londo
2024 1274 2107 1349 sive

273 1402 451 1505 principio
469 1403 518 1476 sit
544 1401 711 1500 positum.
762 1399 819 1474 Ita
845 1426 880 1478 v.
906 1427 936 1478 e.
962 1417 1060 1478 motu
1104 1416 1228 1479 nostro
1263 1427 1344 1479 oum
1371 1403 1553 1502 particula
1570 1404 1666 1503 'ipsae
1693 1404 1982 1507 progrediuntur,
2026 1422 2105 1486 tum

274 1541 394 1617 vicina
412 1561 576 1637 corpora,
603 1537 764 1636 partibus
790 1536 1013 1613 vibrantibus
1040 1538 1134 1635 lixis,
1160 1551 1425 1638 promoventur,
1452 1549 1527 1613 tom
1552 1541 1765 1615 nutrimenta
1791 1521 2000 1644 inferuntur,
2026 1557 2105 1622 tum

273 1676 437 1752 vortices
473 1675 640 1750 continuo
667 1675 869 1748 excitantur
894 1672 1046 1773 indeque
1072 1673 1218 1749 lluidum
1244 1675 1404 1750 ambiens
1429 1675 1522 1750 omni
1552 1674 1627 1748 lere
1659 1652 1836 1752 momento
1878 1679 2052 1756 mutator'
2068 1696 2106 1759 et

272 1839 303 1891 s.
329 1811 379 1913 pl.
431 1809 541 1887 Unde
566 1810 786 1885 vibrationes
810 1808 1024 1884 functionem
1050 1810 1181 1929 babere
1204 1811 1400 1909 motorium,
1419 1811 1692 1911 respiratoriom,
1715 1810 1990 1915 deglutitum,
2008 1817 2105 1894 anua
2146 1811 2148 1817 ’

272 1948 423 2050 generis
439 1946 553 2022 solam
580 1945 771 2044 dedocere,
799 1948 881 2048 quis
906 1959 974 2046 est,
1002 1949 1062 2050 qui
1080 1946 1236 2022 audenti

1112 2223 1143 2317 b.
1169 2219 1255 2298 111.

742 2354 1096 2432 Placitum
1148 2330 1631 2433 duodecimum.

301 2490 571 2567 Particulae
606 2502 650 2566 et
682 2504 900 2569 contenta
933 2492 1150 2570 lluidiora
1183 2505 1333 2569 motus
1365 2491 1610 2567 vibratorii
1643 2512 1780 2592 opero
1812 2462 2099 2591 promoveri·

1091 2638 1295 2728 possunt.
1950 2600 2015 2695 lli·

427 2757 501 2855 Oui
529 2787 650 2839 rerum
668 2765 847 2864 parvitate
874 2765 1027 2861 fallitur,
1070 2765 1134 2837 vix
1161 2762 1294 2840 credat.
1344 2760 1427 2836 Nec
1459 2771 1576 2837 tamen
1607 2784 1678 2837 non
1703 2771 1771 2840 est.
1820 2761 1985 2841 Mucosre
2008 2766 2105 2843 euim

277 2897 475 2999 particulo,
521 2923 625 3000 quam
652 2900 723 2976 cito
749 2899 976 3003 superlioiem
1002 2901 1201 2976 vibrantem
1233 2908 1433 2995 transeant,
1477 2896 1560 2976 luce
1587 2897 1737 2985 ¹elarius
1764 2899 1807 2974 in
1847 2898 2105 2980 anadontarnm

275 3033 469 3132 braeebiis,
516 3034 792 3137 amphibiorum,
821 3037 941 3113 avium
968 3048 1003 3113 ot
1028 3035 1265 3112 mammolium
1291 3031 1452 3130 trachea,
1483 3055 1572 3109 naso
1598 3033 1643 3110 ul.
1669 3044 1726 3109 est
1750 3031 1953 3112 videndum.
2004 3033 2105 3130 Quia

275 3170 460 3275 particular
488 3171 660 3249 descisse
687 3175 773 3274 ipsa
801 3184 932 3275 querna
964 3171 1244 3273 progrediuntur
1269 3169 1470 3244 celeritate!
1521 3166 1639 3261 Quam
1665 3171 1857 3246 continuus
1881 3194 1925 3246 ao
1950 3173 2105 3274 regula-³

276 3311 327 3386 rie
357 3319 476 3385 mortus
494 3320 551 3385 oet
578 3311 772 3385 rotatoriua
799 3309 1032 3411 ernbryeourn
1058 3309 1093 3382 in
1121 3330 1191 3383 ovo
1216 3289 1451 3381 inclusorum!
1502 3300 1620 3397 Quam
1645 3306 1717 3380 cito
1749 3328 1863 3404 aquas
1888 3306 2106 3408 polyporum

275 3468 345 3523 ervo
373 3445 605 3543 pemurvuotl
655 3441 932 3522 ,interemtorum
959 3441 1134 3520 bvaucbiaa
1160 3463 1353 3539 earumque
1378 3439 1514 3516 canalis
1544 3440 1788 3516 alimentarias
1823 3465 1927 3541 quam
1951 3466 2107 3547 magnos

275 3575 480 3681 super-liciei
508 3579 706 3658 vibratione
732 3581 891 3658 vortices
918 3577 1089 3679 eliciunt!
1115 3590 1155 3655 ut
1181 3576 1412 3679 promovendi
1436 3575 1520 3652 inde
1544 3576 1639 3652 muci
1664 3578 1739 3652 vim
1765 3574 1943 3655 deducere
1958 3579 2106 3658 mober-

277 3716 348 3796 elei
376 3740 443 3793 non
471 3718 519 3793 eit
548 3717 716 3819 lneprtom.
768 3713 840 3797 cat
868 3717 918 3792 rei
945 3726 1065 3791 mortus
1091 3714 1207 3815 ipsios
1233 3710 1470 3787 directioam
1500 3725 1600 3788 certa
1633 3725 1695 3790 aut
1719 3714 1822 3789 varia
1851 3726 1971 3816 potest
2011 3738 2107 3795 suo-

275 3876 433 3934 eorrerc.
503 3852 562 3931 lle
597 3852 785 3930 antrrlerrtie
812 3875 880 3929 oen
912 3862 969 3927 est
1012 3848 1261 3944 dubitorrdum3
1305 3847 1350 3922 de
1391 3848 1618 3948 pulmonibus
1661 3847 1862 3924 animalium
1904 3851 2103 3951 superioris

273 3988 410 4067 ordinis
462 3989 598 4093 epirnni
653 4012 855 4091 parassemus.
931 3983 986 4061 lto
1029 4009 1065 4064 v.
1108 4007 1138 4062 o.
1181 4008 1247 4086 per
1289 3983 1434 4085 longius
1476 3987 1647 4085 temporis
1689 3985 1843 4085 spatium
1886 3985 2104 4066 dormientes

270 4150 354 4221 trare,
401 4152 542 4203 moerim
587 4137 765 4202 avernorum
810 4147 878 4200 rum
924 4145 970 4199 ex
997 4119 1201 4222 pulrnornuo
1227 4120 1295 4194 ima
1321 4118 1526 4218 altitudine,
1552 4119 1618 4196 sed
1645 4143 1692 4197 ex
1717 4118 1881 4222 lar-yngis
1908 4133 2008 4220 porte
2032 4148 2104 4201 su·

269 4263 402 4369 periuri
429 4286 472 4339 eo
500 4265 579 4366 ipae
612 4260 703 4358 nce,
730 4283 800 4362 epm
827 4271 945 4336 aornos
971 4255 1153 4333 vibratorii
1180 4257 1215 4332 io
1242 4253 1308 4330 bae
1334 4257 1481 4358 regione
1523 4256 1613 4331 fines
1655 4267 1814 4354 exstant,
1850 4281 2105 4355 promovemus

268 4417 308 4481 ut
336 4424 477 4480 muornn
504 4410 624 4477 mertun
652 4396 762 4475 trivetti
792 4418 899 4497 caprena
926 4388 970 4469 od
998 4391 1090 4469 burm
1117 4415 1233 4492 usque
1258 4389 1393 4490 locum,
1421 4415 1491 4491 quo
1524 4391 1750 4490 terminatur,
1786 4416 1807 4467 e
1832 4392 2009 4470 branchiis
2036 4420 2103 4498 per

266 4554 405 4620 cerotem
434 4560 517 4613 enee
546 4546 743 4636 promotum
773 4528 874 4607 iarrile
902 4528 983 4631 «puin
1010 4527 1144 4607 eredat.
1196 4524 1300 4602 Vera
1326 4527 1357 4601 si
1384 4538 1469 4602 sunt
1502 4539 1539 4601 et
1573 4526 1778 4603 conlirmata
1811 4531 2054 4627 experimenta
2079 4554 2103 4609 a

264 4680 423 4755 Priverno
451 4689 486 4751 ct
513 4670 655 4748 llornan
683 4630 853 4763 irrntltotir,
882 4686 1005 4741 eumen
1033 4686 1074 4740 ae
1100 4675 1349 4763 spermatozoa
1373 4675 1492 4738 motus
1518 4663 1702 4739 vibratorii
1729 4666 1838 4762 opera
1855 4664 1890 4739 in
1908 4666 2015 4742 tubas
2031 4667 2102 4744 de·

260 4816 365 4914 terri,
394 4812 480 4917 quaid
509 4822 565 4887 eet
594 4804 866 4885 veresimilius?
892 4800 1055 4903 ‹prramvie
1082 4799 1159 4875 lieri
1186 4799 1291 4875 facile
1317 4799 1442 4898 possit,
1469 4811 1511 4873 nt
1535 4800 1672 4899 egregii
1690 4799 1742 4873 illi
1760 4774 2003 4898 generationis
2019 4805 2119 4880 aas.

258 4952 402 5031 maliem
432 4949 713 5046 investigatores
741 4938 873 5019 Gallici
901 4935 1110 5015 membranas
1135 4958 1290 5011 mucosae
1325 4934 1507 5034 particulae
1542 4935 1690 5009 minimae
1724 4936 1866 5033 soluta,
1900 4937 2100 5014 vibratione

258 5093 425 5169 caterniano
454 5088 565 5164 liltore
595 5092 753 5161 rotantes
780 5103 822 5154 orn
850 5086 1023 5170 atalanten,
1052 5096 1133 5149 eum
1160 5071 1733 5172 animalculisspermaticisipsis
1758 5070 1937 5149 hincinde
1956 5096 2099 5173 equas-

251 5244 346 5309 eent,
398 5226 589 5305 illinamus
615 5222 695 5323 olio,
723 5240 803 5323 qua
829 5213 875 5295 la.
901 5212 945 5293 n.
971 5220 1100 5315 sponte
1126 5219 1379 5312 proponantur.
