4688 6038
953 551 956 558 ’
1067 534 1271 616 -81-

256 726 442 829 pulverent
466 722 590 825 Lyttae
615 723 838 799 vesicatoriae
855 723 891 797 in
934 723 1080 800 sacculo
1126 724 1173 801 ad
1199 736 1306 825 caput
1333 725 1510 827 adplicata
1537 737 1758 820 contentum,
1803 730 1979 828 inspirare
1999 730 2085 829 jus·

257 864 391 960 simus,
419 858 515 960 quod
541 883 651 959 quum
676 860 794 935 miuus
820 859 938 935 fausto
964 864 1223 959 successisset,
1245 863 1362 939 -ierro
1387 861 1552 939 candenti
1578 873 1700 960 partes
1725 863 1909 941 vibrantes
1936 865 2084 967 adgredi

256 1000 427 1099 optimum
459 997 676 1072 censuimus.
726 994 901 1072 Ussimus
942 997 1093 1095 primum
1126 996 1214 1074 hora
1256 1000 1363 1074 tertia
1390 996 1643 1099 pomeridiana
1685 996 1841 1074 cuniculi
1882 1003 1993 1077 maris
2018 1004 2082 1101 ju-

256 1133 370 1211 nioris
412 1155 549 1208 nasum
598 1130 714 1206 'lertii
739 1131 810 1206 diei
836 1130 923 1206 hora
948 1132 1135 1208 undecima
1163 1136 1336 1210 matutina
1376 1159 1487 1234 quum
1521 1134 1649 1209 animal
1675 1134 1804 1210 iterum
1829 1139 2083 1236 reciperemus,

256 1269 405 1345 liuidum
427 1266 809 1369 mucoso-paritorum
834 1291 858 1342 e
881 1240 1028 1343 naribus
1063 1269 1254 1370 egrediens
1296 1292 1480 1368 nasusque
1521 1270 1703 1370 margines
1745 1270 1902 1349 tumidos
1944 1273 2085 1371 reperi-

257 1428 354 1482 mus
407 1403 534 1479 Bestia
574 1380 673 1477 illico
698 1413 833 1499 necata,
861 1406 1026 1500 quamvis
1052 1403 1322 1481 adcuratissime
1353 1374 1657 1504 quasivissemus,
1684 1416 1802 1481 tamen
1828 1431 1909 1481 cum
1935 1408 1970 1481 in
1997 1433 2084 1506 par-

256 1541 355 1616 tibus
378 1539 590 1616 membraue
616 1562 728 1613 nasus
753 1537 976 1630 inflammatis
1002 1552 1063 1614 aut
1088 1539 1294 1637 destructis,
1322 1552 1397 1615 tuna
1422 1541 1459 1615 iu
1485 1540 1657 1639 partibus,
1677 1566 1754 1640 qua
1771 1541 1995 1639 videbantur,
2019 1565 2084 1617 sa-

256 1678 326 1772 nis,
351 1698 398 1752 ae
414 1669 594 1750 minimum
622 1673 763 1770 quidem
788 1687 907 1750 motus
933 1652 1118 1750 vibratorii
1143 1677 1338 1776 vestigium
1364 1677 1525 1775 reperire
1550 1677 1740 1775 potuimus.
1792 1675 1865 1754 Cui
1892 1679 1945 1752 rei
1962 1677 2088 1773 diffisi,

258 1776 461 1897 alterofie-
481 1835 562 1886 cum
587 1811 622 1884 iu
649 1809 798 1884 secundi
825 1811 981 1886 cuniculi
1006 1813 1115 1886 maris
1141 1835 1248 1907 uaso,
1291 1824 1368 1886 tum
1399 1813 1435 1887 in
1468 1812 1583 1887 tertia
1609 1812 1765 1887 cuniculi
1790 1812 1926 1887 feminae
1950 1814 2085 1913 vagina

258 1946 352 2022 idem
375 1947 462 2022 ferri
490 1945 676 2020 candentis
700 1948 982 2045 experimentum
1008 1948 1240 2045 repetivimus
1265 1949 1442 2046 tertioque
1468 1947 1594 2024 abhinc
1620 1946 1679 2022 die
1695 1948 1959 2044 inquisitionem
1975 1949 2083 2025 iusti-

257 2084 402 2158 tuimus.
451 2081 511 2158 At
535 2092 689 2156 eventus
712 2093 851 2155 tanturn
875 2106 944 2157 non
976 2082 1098 2156 iidem!
1151 2079 1374 2181 Suppuratio
1415 2083 1451 2158 iu
1495 2085 1682 2182 utriusque
1725 2083 1888 2158 animalis
1920 2083 2083 2182 partibus

257 2221 352 2292 ustis
377 2217 512 2294 aderat.
561 2216 690 2291 Nasus
715 2217 916 2291 membrana
941 2219 1078 2293 nullum
1104 2232 1246 2314 motum,
1274 2217 1353 2293 sola
1376 2242 1449 2292 unu
1465 2233 1566 2316 parte
1584 2220 1677 2318 septi
1694 2217 1897 2294 inflammati
1920 2222 2080 2318 excepta,

258 2352 525 2466 demonstravit.
575 2351 746 2430 Cuniculi
772 2353 899 2426 semina
924 2368 1007 2428 autc
1033 2377 1169 2452 paucos
1196 2352 1276 2428 dies
1301 2367 1440 2452 partum
1465 2353 1642 2450 ediderat,
1669 2365 1711 2428 ut
1736 2353 1907 2453 placentae
1942 2354 2084 2433 fatales

257 2515 327 2564 uon
354 2491 447 2565 omni
473 2513 520 2564 ex
546 2507 646 2588 parte
673 2488 841 2586 evanida,
869 2488 935 2563 sed
960 2504 1136 2586 tamquam
1163 2502 1284 2588 partes
1310 2488 1472 2588 turgidae,
1500 2491 1666 2586 elevata,
1692 2490 1844 2566 vasibus
1869 2491 2081 2589 sariguiueis

170 2686 174 2696 .
258 2624 402 2723 repletae
419 2626 509 2700 satis
526 2624 727 2709 luculenter
744 2638 866 2698 essent
880 2638 1015 2700 notata.
1039 2623 1133 2697 'lota
1146 2625 1277 2724 vagina
1295 2622 1503 2699 inflammata
1521 2625 1595 2701 suit.
1620 2623 1754 2699 Tamen
1773 2624 1923 2701 vibratio
1937 2627 1974 2712 iu
1991 2624 2080 2701 solis

259 2761 350 2834 uteri
378 2731 481 2837 labiis
507 2761 796 2860 prominentibus,
822 2783 1044 2858 nequaquam
1072 2757 1293 2833 inflammatis
1319 2770 1380 2834 aut
1406 2759 1571 2859 turgidis,
1599 2762 1634 2834 in
1662 2761 1793 2834 ceteris
1821 2785 1909 2835 vero
1927 2760 2016 2837 locis
2034 2786 2080 2837 ue

256 2895 433 2971 tantillum
450 2883 592 2995 quidem
608 2898 733 2992 inerat,
761 2905 801 2968 ut
826 2917 873 2967 ex
898 2893 954 2968 his
980 2907 1078 2968 certe
1104 2895 1239 2969 nostris
1264 2894 1674 2994 experimentinsmotus
1692 2895 1911 2970 vibratorius
1928 2920 1996 2971 non
2015 2920 2078 2972 so-
2190 2902 2193 2909 ’

257 3031 332 3108 lum
358 3034 393 3108 in
419 3032 510 3108 locis
536 3031 767 3128 inflammatis,
794 3028 861 3105 sed
885 3029 921 3104 in
947 3041 1033 3126 toto,
1061 3031 1120 3104 cui
1145 3031 1277 3125 insunt,
1303 3012 1614 3131 orgauoiuhiheri
1639 3030 1816 3109 videatur.

1016 3300 1229 3402 caput
1252 3299 1340 3382 ¹4·
1375 3348 1379 3357 ·

578 3437 649 3513 ne
671 3437 1082 3524 motuavibratorii
1109 3438 1305 3536 ratione,
1331 3436 1572 3514 iunctione
1599 3447 1643 3511 et
1670 3459 1761 3514 usu.

1102 3576 1140 3659 S‘
1167 3572 1229 3650 98.
1296 3630 1299 3635 ,
1329 3627 1332 3633 ⁴
1468 3618 1472 3625 ι

410 3705 616 3785 Praemissis
641 3709 776 3785 uostris
801 3708 1088 3783 observationum
1106 3721 1215 3806 atque
1236 3707 1559 3807 experim0ntorum
1585 3706 1769 3804 seriebus,
1804 3706 1936 3806 quihus
1970 3705 2079 3781 varice

254 3841 473 3942 ‘phaenomeni
491 3843 761 3920 vicissitudines
778 3845 1004 3944 explicantur
1021 3859 1057 3918 et
1074 3843 1316 3940 illustrantur,
1328 3842 1377 3917 ad·
1391 3842 1495 3942 leges
1513 3841 1686 3939 quasdam
1704 3841 1852 3916 altiores
1870 3853 1907 3918 et
1921 3864 2094 3942 generap

257 3979 324 4074 les,
351 4004 431 4079 quae
456 4004 537 4054 cum
562 3982 599 4056 in
625 3982 718 4056 omni
745 3982 905 4077 scientia,
932 3994 1007 4055 turn
1041 3980 1077 4053 in
1104 4002 1224 4054 rerum
1251 3976 1473 4053 naturalium.
1497 3976 1706 4076 disciplinis,
1735 3978 1844 4051 rebus
1870 3977 1961 4080 visis
1985 3987 2080 4050 tam-

256 4138 363 4214 quam
388 4113 511 4191 laurea
536 4118 771 4215 imponantur,
798 4115 1082 4192 adscendamus,
1119 4109 1222 4206 Quas
1248 4115 1343 4188 ierre
1368 4111 1532 4207 studiosi,
1559 4137 1625 4187 nec
1648 4111 1896 4214 hypothesium
1915 4111 2080 4187 facillime

256 4250 485 4327 allicientium
503 4254 581 4326 riva
599 4251 733 4348 llorida,
752 4274 819 4326 nec
835 4251 1118 4351 phantasmatum
1135 4248 1245 4323 altum
1262 4271 1371 4346 mare,
1389 4271 1457 4323 nec
1482 4249 1655 4323 acuminis
1694 4249 1851 4322 vertices
1876 4249 2079 4349 precipites

258 4399 294 4461 et
315 4387 540 4486 periculosus
564 4399 739 4486 petamus,
765 4386 832 4462 sed
851 4387 1044 4461 hereamus
1061 4386 1096 4459 iu
1115 4384 1335 4482 experientia
1351 4384 1447 4484 ipsa,
1464 4383 1570 4456 sicut
1594 4383 1754 4482 plantula
1778 4383 1813 4457 iu
1841 4393 1946 4461 uere
1970 4382 2079 4483 globo

237 4521 427 4622 implicita
451 4525 605 4630 crescit,
620 4522 657 4596 in
675 4531 777 4619 aera,
805 4522 1074 4620 quihus'impar
1100 4530 1167 4616 est,
1193 4518 1367 4594 translata
1393 4518 1577 4593 siccascit.·
1622 4517 1750 4618 ltaque
1775 4541 1855 4616 que
1868 4528 2081 4616 sequuntur,

256 4682 304 4733 ex
329 4659 509 4756 prioribus
528 4659 603 4758 jam
629 4657 805 4757 expositis
830 4656 958 4733 hausta
982 4667 1083 4751 sunt,
1123 4665 1191 4729 >aut
1221 4679 1269 4729 ex
1294 4653 1606 4730 observationibus
1631 4652 1843 4752 quibusdam
1867 4652 1959 4751 ipsis
1980 4651 2080 4730 illico

255 4791 455 4879 Uerendls
479 4807 608 4894 sponte
634 4803 808 4891 emanent,
833 4804 884 4890 ut,
912 4792 972 4891 qui
1000 4789 1046 4865 ad
1071 4789 1176 4865 linem
1200 4811 1269 4864 nos
1294 4790 1510 4889 insequutus
1534 4791 1601 4886 sit,
1632 4786 1680 4866 Ιι,
1703 4788 1749 4865 Β.
1778 4787 1895 4863 omniu
1919 4809 1988 4863 nou
2014 4810 2081 4864 so-

256 4929 331 5004 lnm
355 4927 534 5029 intelligat
564 4940 604 5014 et
633 4930 817 5029 percipiat,
843 4925 910 5002 sed
936 4926 1071 5023 eadem,
1096 4926 1130 5001 si
1156 4924 1247 5021 vult,
1275 4939 1322 4998 ex
1347 4923 1637 5001 observationum
1663 4924 1766 5022 copia
1797 4945 1841 4998 ac
1865 4920 1979 4997 veluti
2004 4921 2080 5001 iar·

256 5077 340 5147 tura
365 5064 533 5151 derivare
555 5064 638 5164 ipse
663 5066 789 5164 possit.
839 5060 955 5142 Certa
981 5064 1073 5137 enirn
1099 5062 1135 5136 in
1155 5060 1273 5135 rebus
1298 5058 1525 5136 naturalibus
1550 5071 1588 5135 et
1612 5056 1756 5134 delinita
1778 5079 1829 5135 ex
1853 5057 2080 5158 experientiae

257 5202 359 5301 copia
384 5213 512 5304 sponte
539 5211 711 5308 emanent.
838 5236 849 5250 1
1829 5287 1880 5358 11
